3075 4825
307 394 466 457 nincn
494 361 743 458 ininnrnnrn
774 388 963 459 monnio,
1018 432 1027 457 ·
1087 368 1174 471 465
1249 356 1317 463 (3²5³
1332 435 1341 449 ν
1367 390 1378 461 ἓ·
1407 339 1416 401 f

101 652 154 693 suo
180 654 278 715 minag
323 654 332 693 ε
362 632 520 715 Ρετοὴὲίὶ
548 630 665 692 visiridi
696 632 736 693 de
758 634 823 693 mio
851 642 940 713 petre
961 641 1048 694 steno
1070 635 1175 699 ionts.

124 714 131 727 '
318 758 327 775 .
363 714 504 797 dagheno
522 716 551 777 el
571 714 765 789 concretio,
787 726 819 776 et
839 714 893 795 poi
913 713 1034 776 vsdano
1052 716 1100 778 nla
1121 742 1177 781 sun

98 798 154 863 vis.
175 797 283 875 Qnelie
295 798 354 866 phe
371 819 432 858 non
450 797 564 858 darsno
589 797 796 873 oboedientia,
817 795 906 859 siano
919 798 1074 860 submerso
1096 802 1176 864 dolie

98 878 271 941 bombsrde.
295 874 421 978 {Queste
441 890 472 943 et
494 882 569 941 altre
592 900 660 941 cose
680 882 821 956 statuite,
855 891 887 940 et
906 881 984 963 posti
1005 887 1114 944 noveni
1135 884 1176 947 de

96 983 219 1043 operare
240 984 276 1023 ar
345 963 444 1023 CCCC
468 962 514 1023 nia
536 963 664 1046 guardia
687 962 736 1023 del
760 961 906 1042 castello,
932 962 960 1024 ei
980 967 1113 1046 superbo
1141 988 1176 1029 se
1266 1027 1281 1038 ,,

95 1065 131 1105 ne
151 1044 231 1107 endi>
256 1046 286 1105 in
309 1044 521 1127 Andrinopoli.
563 1046 603 1107 El
633 1044 765 1107 secondo
786 1066 867 1106 enno
887 1056 1032 1107 correpte
1049 1048 1099 1109 del
1119 1070 1206 1117 suo„
1239 1086 1245 1095 -
1298 1094 1303 1107 .

96 1127 249 1207 duehnto,
285 1139 316 1189 et
337 1128 418 1189 dalis
452 1129 604 1191 creatione
636 1128 687 1189 dei
707 1127 823 1189 mundo
841 1127 884 1190 sei
904 1130 988 1190 milis
1007 1115 1184 1201 novecentss
1311 1155 1319 1213 ξ

93 1220 213 1273 sexanto
244 1232 327 1283 nno,
363 1222 481 1293 possets
509 1214 536 1273 ia
559 1222 653 1273 estate
680 1222 711 1272 et
731 1214 865 1273 intrante
892 1211 1100 1295 iti-eutunno,
1119 1216 1236 1292 εὶς-πῂ
1311 1227 1320 1287 5

92 1313 215 1355 morare
245 1296 276 1353 in
297 1316 377 1353 caso.
408 1316 472 1355 non
493 1295 573 1355 davo
592 1292 643 1354 alli
665 1293 751 1355 ooehi
769 1295 815 1354 soi
834 1315 962 1377 reposo,
982 1318 1033 1356 ma
1054 1301 1183 1380 sempin,
1283 1330 1293 1351 ι

90 1387 175 1437 stava
195 1376 414 1460 cogitabundo,
437 1376 599 1520 copitando
625 1375 705 1437 delia
729 1376 846 1455 eitede,
866 1388 898 1439 et
917 1399 1003 1440 come
1021 1378 1061 1440 de
1073 1370 1273 1462 queiln'''‘'''¹
1289 1392 1317 1420 '-

90 1458 137 1519 iar
157 1480 190 1521 se
212 1480 302 1541 possa
320 1459 433 1541 signor.
492 1482 512 1521 n
536 1461 630 1543 quelli
645 1460 718 1521 mesi
739 1460 868 1540 proximi
889 1481 940 1522 ern
960 1464 1075 1523 ussoito
1096 1463 1177 1525 dello
1280 1518 1284 1527 .

88 1542 149 1615 citit
171 1562 236 1603 uno
267 1544 382 1603 artifice
415 1542 452 1603 de
481 1544 598 1626 grande
625 1542 751 1624 innegno
775 1553 807 1604 et
838 1543 1011 1619 industris,
1033 1547 1177 1629 magistro
1283 1541 1289 1600 ἶ

87 1624 225 1705 perfecto
246 1624 285 1685 de
305 1624 433 1687 fundere
449 1626 567 1689 bronzo
579 1626 728 1687 bronsine
747 1637 778 1687 et
797 1626 966 1688 bombsrde
981 1649 1103 1709 grosse3
1125 1651 1178 1690 era
1290 1626 1297 1665 '-

86 1728 143 1789 per
179 1710 284 1789 pntrin
307 1710 465 1792 Hungnro.
516 1711 634 1788 Questo
662 1728 714 1770 ero
740 1708 853 1770 nodato
873 1731 892 1771 a
913 1710 1178 1795 Constantinopoli
1298 1708 1310 1774 ’ἑ

85 1811 141 1869 per
175 1795 342 1853 exercitare
372 1794 400 1853 ln
435 1812 490 1853 sua
516 1804 599 1871 arte,
626 1790 778 1852 conducto
799 1790 882 1853 dolio
914 1794 1110 1875 imperadore.
1144 1806 1178 1857 et

82 1872 241 1934 mediante
274 1874 294 1935 ii
326 1874 372 1935 soi
393 1875 531 1959 messagii
562 1874 593 1933 fo
611 1876 724 1956 scripto
744 1874 804 1935 nlla
834 1878 1026 1955 provisione,
1049 1900 1178 1939 menore

81 1958 160 2016 assai
182 1956 242 2015 che
263 1954 292 2015 ls
317 1958 407 2019 vestii
436 1979 491 2019 sua
518 1959 674 2019 meritare.
726 1956 768 2017 Et
787 1956 889 2037 qneils
923 1958 1039 2041 piccols
1073 1961 1130 2021 che
1152 1960 1176 2021 ti
1264 2027 1266 2030 ,

42 2110 45 2118 y
79 2036 184 2097 hoves
208 2038 379 2113 instituito,
405 2060 467 2100 non
492 2040 514 2100 li
535 2038 622 2101 deva.
664 2040 756 2101 Onde
778 2038 910 2100 i'artiiice
929 2040 1091 2122 desperato
1113 2064 1177 2103 nno

77 2140 180 2181 sorno
210 2122 293 2179 ussei
315 2119 394 2181 della
415 2120 535 2200 citnde,
555 2132 588 2182 et
607 2122 687 2182 ando
715 2144 734 2182 n
754 2132 875 2182 trovare
894 2121 923 2184 ei
942 2123 1101 2196 barbaro,
1124 2124 1176 2184 dat

80 2202 177 2284 quale
199 2204 283 2263 visto
304 2204 474 2265 voiontiero
494 2205 525 2267 fo
556 2214 710 2286 acceptato
729 2224 788 2264 eon
808 2204 925 2284 grande
943 2208 1116 2287 provisione
1137 2204 1178 2267 de

82 2290 188 2347 vivere
202 2283 256 2345 del
271 2266 428 2349 vestire¹et
442 2288 481 2349 de
494 2288 604 2363 dinsri,
628 2288 685 2349 che
704 2308 736 2348 se
750 2286 781 2347 is
804 2298 915 2369 qnsrtn
932 2298 1023 2369 parts
1050 2284 1179 2351 horeste

79 2379 232 2432 renovato
257 2366 327 2429 doio
342 2370 541 2453 imperndore,
564 2391 624 2432 noo
639 2370 715 2432 seris
729 2380 888 2450 scnmpsto
910 2369 950 2431 da
962 2372 1178 2433 Constsntino·

79 2452 157 2533 poli.
202 2451 343 2514 Essendo
367 2457 511 2538 adunque
529 2453 676 2516 l’ertsflce
706 2451 894 2515 domnndnto
915 2452 966 2515 dol
986 2453 1085 2514 duchn
1103 2453 1178 2516 seli

78 2537 216 2618 podesse
250 2545 370 2617 gettare
390 2559 452 2599 uns
483 2537 653 2599 bombarda
673 2545 760 2598 tento
782 2557 885 2620 grpsss
909 2547 940 2597 et
982 2547 1102 2598 ossente
1119 2536 1178 2598 che

79 2619 265 2680 tuscanam
290 2617 320 2678 le
338 2641 427 2682 murs
448 2619 487 2681 de
507 2617 796 2702 Constantinopoli,
819 2639 943 2701 respose
958 2559 1096 2680 imifice
1118 2619 1178 2682 ohe

77 2701 126 2780 si,
147 2724 183 2764 se
214 2700 239 2762 ti
274 2704 406 2764 concede
436 2703 535 2785 podet
557 2703 604 2764 iar
621 2701 792 2764 bombards
818 2702 858 2762 de
878 2701 908 2761 is
927 2723 1063 2784 grossae
1086 2701 1126 2762 de
1145 2703 1176 2764 is

76 2785 179 2866 pietro
205 2785 269 2848 che
289 2784 308 2844 li
332 2785 362 2846 io
383 2796 544 2865 mostrsts,
564 2796 594 2847 et
616 2783 694 2846 ch’ei
714 2805 804 2846 sares
818 2784 1041 2846 minutumente
1059 2782 1090 2845 is
1110 2804 1176 2846 me-

76 2889 149 2928 snrn
172 2869 214 2929 de
235 2868 268 2928 la
291 2887 424 2949 grossezs
449 2868 520 2930 delli
543 2871 623 2930 muri
644 2868 683 2929 de
704 2867 731 2928 ie
745 2867 852 2931 citnde.
893 2867 936 2928 Et
955 2867 1013 2928 che
1033 2867 1063 2926 ie
1084 2866 1175 2929 bom.

74 2952 176 3012 barda
206 2951 271 3012 ohe
302 2949 344 3010 iui
375 2951 504 3034 gettnrin
535 2974 595 3012 con
618 2952 647 3011 is
667 2972 721 3012 sus
742 2951 861 3029 forma,
894 2952 972 3010 seris
1081 2960 1174 3014 ntes

75 3033 122 3094 sar
143 3035 271 3096 solvere
306 3033 345 3092 de
364 3032 387 3094 li
419 3039 499 3094 muri
517 3033 684 3100 bsbillonii.
726 3035 779 3094 Ma
800 3032 858 3094 che
882 3031 926 3092 tui
946 3033 991 3092 fer
1030 3031 1060 3090 ls
1080 3045 1236 3115 opernm

73 3117 180 3180 hona:
206 3116 295 3178 della
319 3116 406 3176 botts
429 3137 490 3176 non
511 3137 602 3178 seven
622 3115 689 3178 dire
711 3117 750 3178 ne
769 3138 802 3177 se
825 3114 929 3176 volivo
947 3113 1094 3195 obligare.
1117 3113 1175 3175 Ai-

75 3201 142 3262 dita
169 3211 292 3282 questo
312 3199 340 3260 el
361 3199 459 3260 duehs
478 3198 580 3260 disse:
602 3197 682 3260 fame
704 3197 735 3260 ie
754 3198 936 3262 bombsrds.
962 3197 992 3258 in
1010 3197 1100 3258 botta
1121 3199 1174 3280 poi

71 3283 156 3346 delia
188 3287 298 3367 pietro
332 3283 363 3342 io
393 3281 516 3344 vodero.
565 3281 603 3340 ln
629 3283 728 3362 spatio
753 3281 793 3342 de
810 3281 857 3342 tre
888 3277 1012 3378 snesiel
1032 3283 1175 3363 magistro

72 3365 182 3518 3ῗῖΓέἱ
195 3368 239 3510 i?
262 3362 1176 3530 {ttititnmt‘ttittpttfftt‘,titinium
1218 3465 1223 3475 x

70 3554 128 3612 per
150 3553 249 3596 mezo
275 3529 304 3594 ei
323 3531 414 3592 castel
434 3531 623 3605 Pssehiesen‚
647 3539 678 3591 et
699 3550 760 3590 non
783 3526 946 3609 vogiisndo
968 3527 1052 3590 oslsr
1071 3527 1101 3589 ie
1119 3549 1174 3588 ve·

72 3615 124 3691 ie,
147 3614 258 3700 quelli
281 3612 331 3688 dai
352 3613 475 3676 castello
497 3613 696 3675 desersnrono
715 3611 958 3681 unabmbnrda
977 3633 1093 3694 grosso,
1114 3610 1172 3672 ohe

71 3699 100 3760 ia
134 3705 249 3782 pietro
278 3697 366 3756 siesse
392 3695 422 3756 ia
453 3717 531 3758 nave
552 3698 584 3757 in
604 3696 658 3757 doi
690 3703 793 3777 parte,
813 3704 844 3754 et
863 3693 994 3758 csooiola
1014 3693 1042 3753 nl
1064 3692 1171 3758 fondo.

69 3781 111 3842 El
132 3794 283 3864 patron,
311 3777 463 3841 ohinmnto
491 3779 572 3851 riso,
594 3799 652 3840 eon
678 3787 779 3840 trente
798 3776 915 3839 homini
935 3780 1067 3838 montsti
1089 3775 1120 3834 in
1142 3774 1172 3836 in

69 3862 189 3946 beros,
214 3863 456 3923 desmontarono
473 3865 503 3924 in
525 3862 546 3923 ii
568 3862 613 3922 liti
634 3860 747 3941 vieini;
768 3859 790 3920 li
811 3859 894 3942 quoii
915 3860 1041 3921 strbbito
1061 3857 1173 3918 forono

67 3951 178 4028 presi,
208 3957 246 4008 et
274 3943 358 4026 ligati
388 3947 460 4006 tutti
480 3943 518 4006 nd
549 3967 610 4005 nnn
643 3953 751 4005 ostona
773 3963 940 4005 menorono
957 3943 986 4004 nl
1006 3941 1123 4016 duchn,
1142 3939 1172 4002 el

67 4033 145 4113 quat
167 4035 206 4093 in
263 4027 313 4088 uei
332 4039 435 4108 tempo
454 4049 486 4090 se
506 4041 633 4090 trovnvs
652 4025 910 4090 alDidimothioo.
952 4027 1173 4085 incontenente
1207 4045 1239 4092 Q

65 4115 126 4176 che
149 4117 175 4177 ti
202 4113 250 4175 he
275 4111 313 4172 be
342 4111 432 4190 visti,
461 4111 611 4172 comendis
641 4107 697 4170 ohe
726 4112 835 4169 ntotti
855 4107 960 4192 quenti
982 4105 1101 4168 fosseno
1121 4113 1172 4168 ts·

66 4196 169 4278 gliate
204 4195 239 4258 ie
264 4203 352 4274 teste,
380 4202 411 4254 et
435 4193 461 4254 ei
483 4197 615 4276 padrone
635 4192 712 4254 fosse
731 4193 836 4254 lineato
858 4189 967 4271 nipnio
987 4190 1121 4250 secundo
1140 4187 1171 4250 is

62 4280 141 4346 loro
176 4277 316 4344 bestiale
336 4290 366 4342 et
387 4277 553 4342 hinumsna
571 4295 699 4359 ments,
718 4286 750 4339 et
767 4275 868 4338 lassati
887 4273 999 4336 torono
1017 4293 1105 4334 senso
1121 4293 1171 4335 se-

179 4399 294 4454 Dneas.
878 4413 883 4426 ·
952 4387 988 4444 30
