3075 4825
283 288 312 370 6
378 278 383 290 '
653 308 776 373 motet
811 306 1007 374 ctmwu.

282 484 391 522 scenam
407 463 543 521 aduersus
551 463 686 517 Moratem
694 460 831 533 producit.
848 478 935 515 mores
945 458 1058 534 quidam
1069 457 1375 531 lurcorummplicass-

282 552 337 594 tur.
378 538 420 604 tl.
439 535 593 591 Demetrius
606 534 773 588 Leontarius
781 531 965 602 'Mustoplsam
982 544 1011 584 et
1025 531 1157 583 Cineitem
1175 531 1207 582 in
1220 530 1374 584 lluaciam

282 608 403 671 troilon,
409 606 444 661 de
451 602 619 674 recipiendis
627 605 737 677 aliquot
746 604 859 657 urbibus
869 620 929 656 cum
937 602 973 655 iis
985 613 1090 672 pactus.
1103 599 1267 672 Mustapltas
1281 601 1375 654 catli-

279 678 366 749 polim
386 688 528 746 oppugnat
540 686 567 726 et
575 673 614 726 ad
619 672 796 732 deditionem,
814 690 886 745 quae
900 684 994 726 secuta
1009 683 1058 733 esl,
1077 672 1219 728 sollicitat.
1236 672 1375 725 aminte-

282 740 1375 889 5532?32¹5.122⁰}ssiisslllle'ss‘sssssswfflsslleffi-'‘md'fflf.

812 850 821 876 7

282 888 484 958 obtemperans.
501 886 639 939 exercitui
655 884 788 954 praeficit
805 894 832 936 et
848 895 948 937 contra
964 880 1139 952 Muttaplsam
1156 882 1250 934 mittit.
1284 881 1374 933 Baia-

283 959 352 1011 eitet
369 956 561 1030 deficientibus
580 957 612 1007 in
626 972 735 1027 pugnae
756 956 841 1007 initio
855 952 895 1007 ad
915 953 1089 1022 Muttaplsam
1107 953 1305 1005 exerceamini
1322 948 1375 1003 du·

283 1027 360 1079 eilue
379 1028 528 1099 copiisque,
548 1038 575 1078 et
585 1026 807 1096 ipsepermittere
820 1040 848 1077 st
860 1024 967 1077 victori
975 1034 1089 1076 coaetus
1103 1036 1160 1090 ιιι,-
1181 1023 1258 1074 iustu
1275 1019 1377 1075 deinde

286 1098 402 1151 Cineitis
418 1110 501 1167 ceput
517 1096 545 1149 et‘
562 1108 738 1166 amputatum.
773 1093 936 1165 uusaptms
952 1089 1161 1163 Adrianopolim
1174 1092 1372 1162 proficiscimur.

285 1168 433 1238 Callipolis
458 1167 609 1219 montorio
633 1184 662 1221 se
689 1164 781 1228 dedit,
808 1182 968 1237 quamtum
987 1165 1125 1234 expaotis
1144 1163 1308 1233 imperatori
1322 1178 1372 1216 ac-

283 1238 414 1307 quisitam
435 1234 577 1307 praesidio
587 1235 708 1308 firmare
727 1248 833 1307 parat,
861 1252 881 1287 a
901 1234 1009 1289 Gineite
1025 1230 1189 1305 impeditur‘
1209 1231 1373 1305 delususque

286 1309 391 1377 Cpolim
411 1306 493 1361 redit.
530 1308 571 1357 25.
585 1308 702 1361 Manuel
714 1309 865 1377 imperator
877 1322 939 1358 cum
950 1306 1061 1357 llorate
1068 1300 1175 1374 fisedus
1191 1319 1312 1372 pangere
1327 1318 1374 1356 eo·

283 1378 381 1501 ,⁵522
400 1372 1375 1519 Milli}‘ez‘tctsssslxt“lipll⁰lii-'sllici'ffiilffl

285 1518 394 1569 lassam
410 1515 450 1568 ad
466 1518 625 1571 Manuelem
645 1516 783 1579 destinat,
804 1517 855 1589 qui
873 1533 902 1569 re
919 1516 1024 1587 insecta
1042 1514 1176 1568 discessit.
1193 1515 1327 1566 aluminis
1340 1515 1374 1565 in

283 1585 405 1640 Phocide
421 1586 566 1659 confectio.
600 1585 728 1643 Phocaea
749 1606 826 1641 rsova
843 1584 975 1647 condita,
993 1586 1029 1637 ab
1042 1584 1153 1637 Andrea
1167 1595 1194 1637 et
1209 1583 1310 1637 Iacobo
1321 1583 1378 1637 Gn·

285 1659 376 1711 laneis
390 1658 560 1727 gubernata,
573 1656 614 1725 flt
630 1659 728 1712 Tlerois
743 1658 905 1711 tributaria.
940 1656 1078 1709 loltannes
1089 1655 1219 1709 Adornus
1233 1653 1375 1707 elocasse

284 1740 378 1780 rector
401 1724 580 1782 Maltometem
605 1740 634 1780 et
651 1726 751 1782 deinde
770 1730 907 1782 Moralem
923 1724 1004 1788 adit,
1025 1738 1053 1778 et
1066 1725 1131 1780 lune
1146 1740 1198 1794 per
1216 1724 1327 1777 litteras
1342 1725 1376 1776 in

285 1816 319 1851 eo
341 1798 483 1869 copiisque
504 1796 681 1850 traiiciendis
705 1816 817 1869 operam
845 1814 922 1849 suam
945 1796 1102 1866 pollicetur.
1146 1794 1311 1864 Muttapltat
1337 1788 1378 1843 ad

286 1870 416 1920 nuntium
439 1869 575 1919 transitsts
594 1869 714 1921 Moraeis
735 1870 766 1921 in
784 1870 928 1938 Europam
946 1865 984 1949 fit
998 1878 1123 1918 moestus.
1142 1881 1202 1917 eum
1220 1865 1378 1937 alloquitur

287 1939 410 1991 Cirseitet
426 1949 453 1989 et
478 1936 622 2007 obiurgat,
641 1936 792 2009 suadetque
817 1938 893 1990 utin
903 1940 1173 2001 Astemcremmnq
1192 1937 1303 1987 interim
1317 1936 1377 2003 ipse

286 2007 321 2062 de
339 2004 490 2061 deserendo
502 2006 651 2078 Muslaplta
667 2025 756 2060 secum
774 2008 872 2080 agitat.
907 2006 1070 2073 Muttapltas
1089 2005 1269 2075 Lampsacum
1284 2003 1377 2064 venit,

235 2096 240 2109 ·
284 2091 312 2132 et
326 2073 477 2146 Lopadium
489 2094 576 2148 usque
602 2076 796 2147 progreditur,
813 2079 892 2131 cuius
911 2088 1020 2145 pontem
1031 2076 1112 2147 prior
1121 2092 1190 2127 occu
1209 2086 1238 2128 at
1254 2072 1377 2127 disrum-

284 2150 380 2273 oce
1196 2142 1379 2268 ecee

284 2237 452 2342 sotttctfenef
468 2290 589 2341 Hamzae
606 2301 632 2341 et
651 2237 769 2342 Οἰιξὲἰιίε
786 2218 1096 2359 οοὶὶοᾳιιία.ωίζιιιίειε
1113 2288 1206 2338 Masta
1243 2302 1287 2336 am
1299 2282 1379 2337 dese·

286 2360 367 2413 risse
380 2358 412 2409 in
427 2358 536 2409 leniam
550 2359 638 2428 Μὴ.
674 2357 850 2428 Museopham
871 2358 999 2409 Homuris
1016 2355 1107 2421 filium
1135 2374 1169 2407 esc
1183 2358 1264 2409 Atine
1278 2356 1379 2408 oriun-

286 2425 350 2479 dum
365 2427 435 2479 bello
446 2428 515 2496 petit
525 2439 551 2477 et
565 2428 596 2477 in
607 2443 702 2497 pugna
718 2425 861 2499 interficit.
898 2443 941 2494 27·
951 2426 992 2478 De
1003 2427 1121 2479 Cineitis
1131 2428 1206 2497 suga
1224 2428 1303 2479 varii
1317 2429 1397 2478 ser-¹

287 2514 396 2558 mones,
414 2513 471 2567 qua
484 2497 599 2564 cognita
624 2496 787 2566 Muttapltat
798 2496 904 2567 sugam¹
924 2499 1041 2566 capessit
1059 2509 1086 2548 et
1103 2499 1135 2547 in
1152 2497 1299 2548 Ylsraciam
1312 2508 1379 2548 tra·-

287 2567 360 2618 iicit.
395 2561 525 2618 Adurnut
549 2567 685 2618 Moratem
701 2567 814 2638 eiusque
835 2568 929 2635 copias
942 2582 978 2617 e:
990 2569 1057 2618 Asia
1079 2568 1111 2617 in
1124 2568 1267 2636 Europam
1283 2577 1378 2620 trans-

280 2637 344 2708 fert
353 2654 364 2702 ,·
382 2652 463 2707 quem
473 2632 645 2703 Muttaplsas,
664 2632 697 2687 id
710 2653 743 2690 ne
751 2636 865 2706 saciat,
881 2638 993 2707 frustra
1007 2635 1149 2707 promissis
1168 2639 1266 2707 amplit
1279 2646 1376 2689 tentat.

289 2707 414 2759 Morates
430 2721 491 2756 tum
504 2705 592 2775 caplis
609 2705 640 2756 in
659 2716 762 2758 terram
781 2706 918 2775 exposim
936 2705 1130 2776 Mustaplsaeos
1145 2711 1177 2758 in
1184 2708 1285 2777 sugam
1307 2723 1375 2760 tter·

289 2778 342 2838 tit,
369 2773 527 2844 Callipolim
549 2775 664 2842 recipit,
688 2788 715 2828 et
733 2774 943 2847 Adrionopolim
963 2779 1040 2847 petit.
1084 2777 1248 2848 liutteplsas
1265 2785 1378 2845 eaptus.

289 2858 316 2898 et
331 2848 363 2898 in
373 2845 450 2898 urbis
465 2843 650 2915 locopullico
665 2845 766 2920 laqueo
791 2864 936 2918 suspensus
961 2849 1208 2916 aestrongulatus.
1255 2853 1297 2902 28.
1314 2848 1378 2899 teo·

287 2931 364 2968 rates
381 2915 485 2984 Cpolim
500 2933 661 2986 oppugnare
678 2917 860 2987 aggreditur,
880 2915 1005 2972 lolanne
1025 2920 1190 2987 imperatore
1204 2917 1238 2969 ol
1257 2919 1379 2970 Manua-

286 2985 324 3038 lis
338 2997 503 3039 senectutem
521 2997 549 3040 et
568 2985 675 3040 morbos
696 3005 740 3040 res
757 2988 869 3058 imperii
885 2980 1106 3041 administrante.
1143 2989 1239 3040 Corax
1261 2985 1381 3039 neoto·

285 3068 336 3176 {slep
387 3054 594 3177 alditionippeus
607 3054 776 3176 {lamnam
793 3059 873 3110 cuius
888 3071 999 3110 mortem
1007 3059 1106 3111 ulcisci
1120 3059 1231 3126 cupiens
1245 3058 1379 3117 Morcus,
1430 3073 1438 3083 “

285 3124 1299 3268 ledcoxisaettfye:njldtmdllddzmagzzzznda'fflddmaqffizpwffil
1311 3127 1379 3250 Εἰ

286 3261 412 3331 stapham
441 3277 601 3318 octuenaem
626 3283 759 3333 puerum,
787 3269 1060 3390 Moratipffratrem,
1089 3279 1189 3320 contra
1219 3265 1293 3319 lusae
1318 3284 1378 3319 sus·

286 3335 374 3393 citat,
398 3345 424 3386 et
438 3336 529 3386 statim
546 3336 673 3388 moritur.
709 3337 871 3408 Mustaplsas
919 3341 1013 3391 icaeae
1030 3350 1127 3421 captus
1142 3356 1160 3388 a
1169 3336 1267 3406 fratre
1282 3348 1378 3389 stran-

285 3405 409 3472 gulatur.
444 3406 569 3459 Maraces
590 3405 761 3460 stessaliam
780 3420 808 3460 et
821 3410 1036 3477 Peloponnesum
1055 3406 1174 3459 invadit
1210 3407 1314 3460 Ciaeits'
1326 3410 1397 3477 per*

285 3473 380 3525 bassas
399 3490 463 3526 suos
481 3474 579 3528 bellum
594 3477 680 3598 ἔψη
698 3489 724 3532 et
741 3475 871 3540 debellat,
888 3475 1052 3551 tandemque
1067 3477 1146 3529 illum
1161 3489 1300 3549 totummee
1318 3478 1378 3530 eius

283 3559 371 3612 gersus
393 3545 584 3598 internecione
625 3548 685 3600 elet.
741 3546 1054 3616 29.1oleannespacem
1075 3564 1135 3599 cum
1146 3551 1255 3601 Morate
1277 3548 1378 3600 initam

284 3611 421 3667 oestrum.
465 3617 592 3668 Moram
603 3635 662 3670 cum
675 3617 740 3669 aliis
755 3617 928 3699 princptous
939 3634 1035 3686 pacem
1051 3616 1155 3686 firmat,
1174 3638 1193 3671 a
1207 3637 1264 3690 qua
1279 3618 1379 3672 Veneti

282 3681 316 3732 ol
336 3699 496 3756 occupatam
506 3685 729 3741 llsessalonieam
746 3689 863 3740 excluse.
876 3698 1031 3740 narrantur
1045 3688 1135 3741 obiter
1150 3706 1252 3743 caenae
1262 3699 1379 3758 propter

283 3769 353 3822 quat
368 3756 565 3812 Thessalonica
581 3759 613 3808 in
628 3759 791 3810 Venetorum
842 3767 964 3810 testatem
977 3759 1094 3811 uenerit·
1113 3757 1312 3813 Yltessaloniea
1326 3759 1377 3810 ob·
1487 3742 1494 3779 '¹
1527 3734 1528 3763 ³

284 3838 360 3873 sessa
376 3837 403 3874 et
417 3846 434 3878 a
451 3829 561 3880 Mor-ate
578 3839 737 3896 expugnata
749 3840 777 3881 et
810 3831 904 3898 ἠρία.
923 3840 950 3879 et
964 3830 1034 3880 novi
1047 3829 1158 3883 incolae
1175 3833 1277 3882 ineam
1289 3829 1377 3880 missi.

286 3889 384 3974 Veneti
400 3899 525 3952 tristiora
543 3895 754 3964 relosmidontes
777 3915 837 3951 eum
853 3900 963 3951 Morale
973 3917 1070 3968 paoem
1087 3894 1192 3955 ineunt.
1211 3897 1377 3952 Waleclsioe

283 3977 424 4042 principes
441 3981 468 4016 se
487 3967 606 4022 invicem
628 3967 729 4022 tlsrono
745 3970 823 4037 regio
834 3966 1000 4037 deturbant3
1019 3970 1171 4024 Dmculius
1182 3970 1249 4021 aliis
1262 3968 1377 4040 interfe-

285 4043 337 4084 elu
361 4043 481 4115 superest
499 4038 663 4093 Waleclsiae
683 4037 820 4092 Vaivoda.
863 4038 900 4092 oo
919 4056 1018 4112 equum
1031 4041 1087 4092 sili
1110 4059 1130 4092 a
1149 4041 1306 4092 Caramano
1326 4055 1378 4090 ne·

284 4113 399 4182 31¹²le
418 4120 447 4155 es
460 4107 584 4160 Morates
602 4109 700 4173 bellum
719 4111 824 4176 insere:
841 4123 869 4162 et
883 4111 957 4164 inter
973 4123 1118 4180 utrumque
1137 4129 1193 4177 pax
1210 4109 1296 4178 paulo
1313 4119 1376 4176 post

284 4171 434 4252 elalalstter.
469 4176 511 4226 to.
530 4179 654 4230 Servium
678 4197 696 4229 a
715 4181 833 4247 Georgio
849 4180 927 4231 Vulci
939 4181 1008 4251 filio
1026 4182 1151 4232 Morates
1164 4179 1270 4245 repetit,
1290 4179 1376 4230 Geor-

282 4255 346 4309 ssus
357 4239 454 4313 filiam
475 4262 553 4298 setam
573 4249 601 4301 ci
620 4257 732 4316 maphate
752 4247 818 4311 dat.
850 4267 980 4306 contessa
1007 4251 1037 4304 in
1055 4246 1145 4305 dotem
1157 4249 1271 4304 Serviat
1285 4259 1375 4318 paste-
1440 4316 1447 4321 .
