3075 4825
305 449 463 566 rrsrrce
491 448 741 531 rmanrnera
777 452 965 520 trenaro
1094 420 1173 511 ³51

106 612 142 676 da
160 610 315 697 l'imperio.
363 612 537 693 lmperantc
560 605 693 671 Michacl
712 604 896 691 Polcologo,
927 605 976 670 nel
995 616 1077 671 terro
1096 630 1179 672 0000

106 696 150 758 del
172 718 226 759 sno
247 695 398 777 imperio,
424 694 434 754 i
458 692 619 753 Venetiani
645 714 698 775 per
715 692 839 753 decreto
861 690 910 753 del
929 712 1002 773 gran
1024 694 1180 773 conseglio

104 780 291 842 restitnit-ono
311 774 571 857 Constantinopoli
599 775 640 837 ad
663 775 776 836 Michel
795 774 958 857 Paleologo
980 776 1180 857 imperadore.

102 864 173 925 Fine
191 884 210 924 a
231 862 381 943 l’imperio
402 859 440 921 dc
459 870 567 941 questo
600 858 792 941 imperadorc
813 856 843 918 la
864 858 933 919 Asia
955 858 1097 936 minore,
1119 861 1181 921 Pn-

103 946 281 1029 phlagonia,
310 944 430 1025 Mysia,
460 942 603 1025 Bithynia
638 943 775 1023 grande,
790 980 792 985 -
807 940 944 1023 Phrygia
977 950 1010 1002 et
1048 942 1182 1025 Phrygia

102 1028 307 1113 Capathyani,
328 1029 419 1089 Caria
438 1036 468 1087 et
490 1036 574 1107 parte
595 1026 634 1088 de
651 1024 764 1095 Cilitia‚
789 1024 878 1085 erra
902 1033 986 1085 tutta
1008 1044 1104 1086 erano
1125 1045 1181 1087 an-

102 1134 152 1173 cor
170 1124 251 1175 sotto
272 1110 418 1192 l’irnperio
438 1108 470 1169 di
492 1109 591 1175 Greci.
634 1110 686 1170 Ma
704 1109 716 1169 i
734 1107 843 1184 anci,
867 1108 879 1167 i
899 1106 983 1190 qnali
1004 1108 1037 1168 ah
1057 1128 1182 1171 cornon-

101 1214 212 1258 2avano
232 1194 378 1257 invadere
395 1190 542 1273 l’imperio
561 1192 593 1253 di
614 1192 738 1268 Graeci,
757 1189 942 1253 hahitarano
961 1186 1044 1253 oltra
1066 1191 1184 1275 Lycao⁴

98 1274 943 1441 lleittltl’sitlt‘tnittlltd'tttl’
967 1273 1182 1419 111ῗὲ1111

222 1406 231 1435 r
356 1403 365 1437 t
576 1404 586 1419 ⁴
916 1400 924 1418 ·
1166 1390 1185 1409 “

99 1444 203 1507 chaele
223 1442 389 1525 Paleologo
417 1444 489 1503 anni
521 1444 599 1505 vinti
630 1452 755 1526 quatro.
797 1440 887 1521 Dopo
909 1438 1061 1502 Michaele
1079 1442 1108 1503 el
1127 1460 1184 1503 sno

100 1527 211 1609 figliolo
243 1527 423 1589 Andronico
451 1523 615 1611 Paleologo
641 1544 778 1587 successe
806 1534 837 1585 et
862 1522 975 1605 irnperh
1003 1525 1076 1585 anni
1106 1526 1184 1587 vinti

97 1612 158 1673 tre.
200 1610 263 1708 1101
281 1622 383 1692 tempo
402 1607 441 1669 de
461 1620 570 1691 questo
592 1609 765 1691 imperador
779 1604 958 1668 Andronico
979 1606 1101 1690 Epheso
1121 1628 1187 1669 me·

98 1692 361 1855 lttlfilt
375 1688 1078 1858 iltttltlnlttlssttffilt
1087 1692 1185 1837 iiii

98 1860 254 1943 smyrne,
280 1872 311 1922 et
338 1860 490 1941 Magnesia
511 1860 630 1943 perfina
656 1880 676 1920 a
697 1860 848 1940 Pergamo
866 1878 923 1918 con
944 1866 1027 1919 tutta
1047 1855 1077 1918 la
1096 1878 1185 1941 epar·

98 1944 169 2005 chia
205 1943 247 2004 de
271 1942 405 2022 Magdon
438 1943 469 2003 10
490 1961 580 2045 presa
605 1941 645 2003 da
665 1940 835 2004 Sarcalran.
881 1940 980 2002 Tutte
1005 1938 1134 2027 Phnrigia
1155 1942 1187 2003 sc

95 2046 191 2108 presa
212 2024 253 2085 da
273 2024 426 2085 Carmina.
467 2024 579 2086 Lnltra
603 2025 745 2103 Phrigia,
774 2022 832 2085 che
852 2043 884 2085 se
904 2022 1023 2083 chiama
1044 2023 1071 2083 la
1093 2024 1186 2105 g‘ran-

95 2109 158 2181 de,
182 2105 226 2168 da
248 2106 276 2168 la
299 2106 358 2168 cita
375 2106 415 2168 de
427 2106 508 2184 Aru,
527 2108 588 2169 line
608 2105 650 2168 ad
666 2104 873 2189 Hellesponto,
897 2126 985 2187 presa
1004 2105 1036 2166 lo
1057 2104 1095 2165 da
1107 2106 1185 2166 Chn-
1198 2110 1230 2179 ri

95 2190 172 2255 rasi.
217 2189 362 2275 Bithynia
388 2197 469 2250 tutta
498 2199 530 2250 et
559 2200 646 2273 parte
673 2189 712 2251 de
740 2189 948 2289 Paphlagonia
978 2187 1009 2250 fo
1029 2208 1116 2271 presa
1148 2188 1187 2249 da

97 2272 276 2339 Othoman.
317 2274 424 2351 Queati
445 2271 554 2333 forono
575 2274 587 2335 i
618 2273 709 2356 primi
727 2275 878 2374 capitanei
898 2270 1014 2332 Tanchi
1038 2270 1190 2332 0100000-

97 2360 238 2420 0000000
257 2354 287 2418 10
307 2366 393 2424 sente
411 2355 609 2420 Tarchesche
627 2366 734 2420 eontra
753 2354 904 2441 limpario
923 2355 954 2416 di
969 2355 1070 2418 Greci.
1105 2356 1191 2432 Qne·
1218 2388 1234 2426 s

99 2445 139 2503 sti
162 2443 277 2503 sorano
298 2441 309 2501 i
332 2440 422 2522 primi
439 2439 627 2522 apparitori,
651 2443 663 2501 i
683 2441 778 2522 primi
797 2439 1001 2522 antesignani,
1028 2440 1037 2498 i
1080 2437 1140 2500 nali
1161 2437 1191 2500 le

98 2535 180 2588 trare
202 2523 291 2586 d’oro
310 2525 454 2605 primast
474 2523 525 2606 poi
546 2524 577 2585 la
595 2533 671 2585 testa
691 2522 821 2605 tagliaro
843 2523 891 2586 ala
905 2523 1008 2602 regina
1029 2459 1077 2583 dd
1101 2541 1192 2581 mon·

99 2609 164 2688 do,
185 2607 239 2670 ala
261 2605 374 2690 fighola
404 2606 444 2668 de
465 2606 607 2668 l'anticha
628 2608 725 2668 Roma
743 2615 777 2669 et
795 2628 881 2690 rposa
901 2604 950 2666 del
969 2604 1084 2688 pande
1108 2605 1191 2666 Con-
1268 2612 1272 2621 '

99 2693 240 2753 stantino
260 2686 461 2772 imperadore.
502 2690 610 2770 Questi
629 2689 739 2752 forono
757 2691 766 2751 i
790 2693 879 2775 primi
899 2688 955 2748 che
974 2690 1190 2750 cominzaronn

98 2774 273 2856 profanare
298 2783 328 2836 ct
356 2771 531 2834 adulterare
563 2771 592 2834 la
612 2777 793 2835 intemerata
820 2791 908 2858 sposa
931 2770 970 2832 de
993 2773 1100 2832 Misser
1124 2773 1191 2832 lesu

100 2858 251 2934 Christo,
277 2855 308 2918 la
329 2877 414 2918 sacra
437 2866 469 2917 et
488 2867 593 2918 sancta
610 2856 721 2918 chiesia
743 2853 926 2940 patriarchal
946 2853 983 2914 de
1002 2863 1087 2915 tutto
1110 2851 1193 2914 l'ori·

97 2953 185 3020 ente,
208 2938 241 3003 el
262 2960 352 3002 sacro
369 2950 400 3000 et
418 2941 724 3022 sanctotempiodcta
746 2951 850 3003 sancta
861 2936 975 3020 Sophia
995 2937 1035 2996 de
1058 2936 1089 2997 ln
1109 2945 1192 2998 eter-

99 3045 141 3085 no
162 3025 232 3092 dio.
276 3023 384 3100 Questi
403 3043 478 3083 sono
498 3022 594 3084 statii
615 3025 708 3106 primi
728 3025 882 3102 invasori,
903 3019 1019 3102 ipsimi
1048 3019 1192 3080 vastatori

99 3106 139 3169 de
152 3108 236 3170 tanti
249 3104 382 3188 populi,
396 3103 525 3166 detenti
539 3106 648 3184 citade,
667 3107 706 3167 de
726 3111 804 3168 tanti
819 3105 917 3190 regni,
936 3111 967 3164 et
985 3101 1192 3164 ultimamente

99 3191 141 3252 de
157 3200 247 3254 tutto
263 3187 415 3272 l’imperio
430 3189 577 3250 orientale
589 3188 622 3250 di
642 3189 819 3250 Christiani.
846 3191 874 3250 0
894 3184 1000 3248 dolore
1019 3185 1192 3248 inconscia.

98 3272 180 3336 bilei
197 3296 219 3337 o
233 3293 389 3356 vcrgogna
402 3271 569 3333 ineffabilel
595 3292 614 3332 o
631 3273 735 3354 planto
746 3275 866 3334 eterno!
891 3267 1057 3351 aspostolo
1068 3281 1099 3329 et
1111 3273 1193 3334 vica·

101 3355 151 3418 rio
172 3359 213 3420 de
226 3359 300 3418 loen
309 3356 447 3416 Christo!
463 3377 483 3416 0
497 3355 671 3438 imperador
686 3356 724 3416 de
741 3357 890 3416 Romani!
905 3375 924 3414 o
936 3355 999 3434 regi
1015 3361 1046 3413 et
1062 3353 1193 3434 principi

101 3441 285 3504 Christiani!
302 3437 587 3501 oChristianissimc
598 3441 695 3500 tuttcl
711 3437 777 3499 Clrie
789 3448 911 3520 pensate
933 3439 983 3498 voi
994 3441 1008 3495 'l
1021 3435 1085 3496 Che
1099 3457 1192 3519 guar.

100 3523 200 3586 date?
223 3525 283 3586 che
296 3532 431 3604 spectate
444 3523 521 3604 piis?
551 3523 620 3583 Non
636 3521 742 3582 sedete
754 3542 817 3598 me,
830 3518 975 3582 cheseles
991 3539 1073 3580 esser
1088 3519 1192 3600 regina

101 3606 152 3668 del
167 3607 315 3668 mundo?
328 3606 385 3666 hor
398 3625 454 3666 son
467 3604 543 3667 facta
559 3626 646 3668 serva
659 3605 802 3670 deservi.
825 3605 893 3665 Non
917 3601 1023 3664 sedete
1045 3605 1093 3664 voi
1116 3599 1193 3660 ch'cl

99 3689 150 3751 lici
177 3690 233 3753 dcl
257 3689 333 3750 salso
353 3687 500 3768 propheta
519 3688 590 3751 sede
606 3702 638 3750 et
656 3710 751 3772 regna
769 3685 820 3750 nel
842 3693 902 3748 mio
919 3687 1011 3748 loco?
1053 3685 1121 3746 Non
1143 3703 1195 3744 ve·

102 3773 174 3836 dete
193 3775 250 3836 voi
270 3771 326 3844 che
346 3772 375 3832 la
400 3771 469 3834 fede
487 3780 591 3834 sancta
610 3783 641 3833 et
674 3770 703 3832 la
725 3770 901 3855 erarrgelica
921 3770 983 3831 leae
1002 3767 1050 3829 010
1071 3767 1119 3828 eth
1140 3785 1197 3826 vo·

100 3867 168 3919 atra
192 3855 351 3918 mancha?
390 3854 432 3917 Se
451 3855 491 3917 de
511 3875 562 3916 me
584 3876 645 3916 non
672 3854 783 3916 havete
800 3853 1008 3936 compassione
1027 3852 1066 3911 ne
1085 3848 1214 3918 cordo,

102 3939 186 4020 glio,
220 3939 253 4000 al
274 3961 343 4002 men
367 3937 405 3999 da
429 3959 477 4000 rne
497 3936 640 4020 prandete
660 3939 812 4020 exemplo,
836 3937 924 4000 etde
944 3937 994 3996 voi
1015 3931 1098 3994 stessi
1119 3951 1197 3993 ven·

102 4026 174 4104 gavi
197 4022 336 4106 pietade.
379 4023 469 4104 Dopo
487 4021 668 4083 Andronico
688 4019 868 4101 Paleologc,
892 4016 985 4102 ligliol
1004 4014 1043 4076 de
1064 4013 1198 4077 Michae-

102 4105 154 4186 le,
179 4126 323 4169 successe
337 4104 559 4166 MichelPaleol
599 4124 628 4179 o,
648 4124 703 4164 suo
717 4102 799 4168 tiolo.
820 4113 927 4184 questo
947 4097 1197 4191 (100ιί00...Ρο-

104 4190 158 4270 poi
194 4187 352 4252 Michaele
380 4188 421 4248 irn
461 4187 496 4249 rh
523 4125 700 4250 Addronico
727 4187 879 4247 chiamato
909 4181 1016 4244 rechin
1042 4184 1115 4244 anni
1137 4194 1199 4244 tre-

102 4273 196 4336 dexe.
249 4275 339 4354 anc
366 4271 416 4332 An
440 4271 544 4332 ronico
570 4290 705 4332 successe
729 4271 855 4331 Znannc
883 4285 939 4328 suc
960 4264 1054 4344 fiolc,
1078 4265 1105 4328 el
1127 4267 1198 4350 qual

103 4373 230 4420 terame
260 4352 380 4440 pupillo
407 4363 489 4418 sotto
510 4352 540 4418 10
562 4354 700 4418 doctrina
728 4363 759 4416 ct
781 4372 917 4438 governo
938 4349 975 4414 de
996 4351 1122 4416 Zuaune
1143 4353 1199 4412 Ca·
1236 4353 1241 4363 '
