3075 4825
405 404 496 510 xll)
527 437 615 504 car.
643 439 681 502 x.
708 437 856 502 noras.
1109 412 1195 527 549

124 587 225 656 fuerit.
247 587 343 650 verba
362 588 473 652 Cadini
494 588 566 652 talia
586 600 676 652 sunts
704 586 777 670 1ἔχει
797 589 834 656 ii
856 585 912 654 καί
918 593 1021 655 ’τοῦτο
1041 585 1123 654 ἴδιον
1142 597 1197 656 καί

122 669 291 752 ἐξαίρετον,
312 671 369 734 καί
386 667 443 736 ἐάν
463 670 685 753 τοζουφίίιον
704 669 755 756 ἴδῃ
778 665 914 755 impiis
940 668 955 694 ‘¹
973 666 1049 737 άλλο
1069 699 1098 737 τι
1123 679 1198 758 περί

123 751 180 814 τοῦ
202 747 331 830 ἱματίου
351 755 411 814 cori
440 755 619 833 βασιλέως,
640 749 676 817 τά
702 750 859 834 σκιάδιον,
879 748 902 837 ἢ
923 779 966 830 ως
986 754 1022 817 τὸ
1047 754 1196 836 κάλυμμα

119 834 173 916 τῆς
192 836 334 916 κεφαλῆς
355 834 457 897 ου’τοῦ
483 831 658 914 ἐκβάλλων,
687 833 742 918 ιὴν
762 844 857 920 χεῖρα
878 839 1013 913 ἐκτείνας
1034 837 1156 917 ἐπαίρει
1176 833 1197 924 ἢ

119 918 268 998 καθαίρει
288 919 378 979 τοῦτο
397 910 610 1000 άνεριοτὴτιος.
631 923 686 982 hoc
706 924 804 981 etiam
818 925 848 982 ei
864 921 925 982 ιοίὶ
938 924 1197 1008 [Protovestiario]

119 999 251 1076 pscium
360 1003 424 1062 thre
440 1003 624 1082 obeundum,
654 1017 686 1064 ut
704 1003 731 1063 si
750 1017 834 1084 togae
852 1007 1043 1088 imperatoris
1056 1006 1196 1086 flamma,

117 1083 212 1142 Iratam
283 1086 361 1145 'arae
386 1087 492 1146 sordes
513 1086 680 1145 adhaerere
698 1087 831 1162 uiderit,
863 1089 997 1149 umbella
1015 1109 1067 1149 seu
1086 1092 1199 1172 cupitis

115 1166 247 1245 regnatus
267 1167 401 1249 deposito
422 1189 548 1230 manum
569 1168 717 1228 extendat
737 1189 799 1229 noa
817 1179 944 1230 uocatus
964 1184 993 1230 et
1010 1170 1155 1252 detergat.

207 1247 243 1306 P.
257 1249 306 1323 58,
325 1250 370 1325 ¹4·
385 1243 603 1328 ὲτοιμάζοντιιι
615 1251 720 1310 τοίνυν
735 1244 844 1333 γάμοι]
865 1253 1025 1318 Cantacaz.
1037 1253 1118 1330 libai
1132 1277 1196 1337 cap.

120 1349 132 1392 ι
158 1329 203 1390 ait
216 1332 248 1390 in
267 1330 439 1394 Blacheruis
459 1343 488 1392 et
508 1331 621 1414 templo
647 1333 850 1404 sanctissimae
868 1337 1003 1417 Virginis
1022 1337 1197 1417 nuptiarum

115 1411 266 1474 solemnia
285 1425 408 1495 peracta
431 1435 504 1490 esse,
527 1416 673 1496 quoniam
693 1436 777 1478 anno
798 1419 949 1498 superiore
961 1419 1056 1498 6854,
1083 1420 1195 1481 Christi
1204 1429 1235 1483 V.
1251 1433 1299 1502 ¹7³

120 1495 224 1573 1546,
245 1507 348 1558 terrae
368 1509 455 1559 motu
475 1499 507 1563 S.
529 1499 664 1580 Sophiae
684 1498 832 1580 tempium
858 1513 1031 1581 quassatum
1051 1503 1149 1565 iuerat
1167 1515 1200 1565 et

114 1578 261 1639 vestibuli
291 1601 359 1661 pars
388 1581 578 1657 conciderat,
608 1581 704 1643 cubae
734 1584 824 1642 etiam
851 1604 903 1643 seu
924 1584 1000 1644 tholi
1021 1606 1094 1666 pars
1113 1586 1198 1648 rimis

115 1659 320 1740 dehiscebat3
353 1685 427 1744 quas
450 1666 552 1725 ruinas
575 1664 723 1725 lohannes
744 1666 907 1748 imperator
927 1669 1117 1734 instauravit.
1140 1691 1199 1730 nu-

113 1746 201 1826 ptiae
222 1765 315 1826 porro
335 1745 504 1808 celebratae
528 1757 599 1808 sunt
621 1749 693 1808 Maii
714 1749 763 1810 dic
785 1769 844 1828 at,
864 1771 927 1830 quo
949 1755 1095 1811 memoria
1118 1754 1200 1813 Con·

112 1828 243 1888 stauiini
272 1831 373 1912 magni
402 1833 528 1913 eiusque
555 1832 661 1891 matris
687 1830 823 1894 Helenae
846 1832 887 1893 ab
906 1832 1031 1893 ecclesia
1051 1835 1200 1896 Orientali

214 1912 286 1972 itur.
1162 1957 1166 1968 .

192 1932 243 2054 6Ρ.
257 1991 307 2066 38,
323 2013 370 2076 ¹9·
389 1990 489 2057 πολλά
504 1993 544 2055 τά
559 1985 626 2078 ἔτη]
648 1995 703 2056 Ad
715 1997 819 2057 multos
831 2015 935 2070 ααοοι,
955 2015 1022 2057 mos
1036 2007 1202 2080 usurpatus

112 2074 147 2136 in
163 2075 238 2136 aula
253 2075 424 2157 cpolitano,
448 2079 480 2138 in
501 2077 584 2140 lestis
593 2077 816 2139 celebrioribus
833 2101 929 2140 annos
938 2079 1052 2140 multos
1071 2081 1203 2160 impera·

112 2157 241 2220 toribus
270 2160 409 2239 precari,
440 2170 477 2222 ut
500 2161 582 2242 apud
607 2161 760 2222 Codinum
798 2162 1011 2243 Curopalatcm
1035 2161 1139 2222 videre
1158 2171 1204 2222 est

111 2240 228 2302 multis
248 2241 341 2318 locis,
364 2254 394 2304 et
418 2265 479 2304 uno
500 2245 597 2306 verbo
620 2243 761 2304 dicebant
781 2245 1017 2324 πολυχρονίζιιν
1034 2237 1090 2302 τὸν
1109 2244 1205 2321 βασι-

111 2324 187 2386 λέα.
222 2323 331 2406 hicque
350 2346 414 2387 mos
444 2325 544 2387 adhuc
580 2325 672 2388 durat
695 2326 725 2386 in
748 2328 875 2387 ecclesia
897 2326 1074 2408 Cpolitana;
1098 2335 1134 2385 ut
1153 2347 1204 2386 sa·

111 2428 204 2469 cram
228 2406 382 2491 liturgiam
404 2409 572 2472 celebranti
597 2407 790 2492 patriarchae
808 2432 844 2470 cx
865 2409 1006 2471 ecclesiae
1026 2407 1204 2471 officialibus

110 2512 200 2551 unus
230 2491 406 2573 aliquoties,
438 2494 491 2554 sed
524 2514 580 2575 per
608 2492 784 2554 intervalla·
802 2491 946 2553 acclamet
977 2491 1010 2563 ἐς
1028 2485 1128 2551 πολλά
1149 2485 1203 2571 ἔτη

111 2572 269 2638 δέσποτα.
304 2594 383 2655 quae
412 2578 504 2637 etiam
533 2574 627 2636 verba
645 2586 792 2659 tanquam
812 2570 1017 2654 ιάχαριστικά
1041 2596 1060 2633 a
1082 2576 1205 2634 Graccis

109 2678 200 2717 nunc
235 2660 437 2739 usurpantur¹
465 2680 537 2719 cum
569 2658 695 2741 gratiam
725 2658 825 2719 officio
857 2658 905 2718 vel
940 2656 1059 2717 muneri
1080 2666 1205 2737 accepto
1319 2734 1324 2741 ἡ

109 2740 225 2801 verbis
260 2752 433 2821 reponuntr
462 2740 571 2803 dicunt
599 2742 681 2803 enim
700 2740 734 2810 ἐς
760 2733 861 2801 πολλά
881 2734 954 2822 ἔτη,
974 2740 1088 2801 multos
1106 2759 1205 2801 annos

135 2830 293 2887 recantes.

108 2844 133 2905 Ρ
199 2904 245 2967 Ρ.
260 2905 311 2977 38,
324 2915 387 2965 aot*
402 2898 518 2983 ὁμοίως
538 2906 594 2968 καί
616 2898 907 2986 άίῖονταιιουζηνάς
919 2898 1078 2986 Ἰωάννης]
1099 2904 1205 2985 θαμά

107 2986 200 3068 libai
220 2990 335 3049 iterum
346 3008 378 3049 se
393 3002 572 3050 coronatum
583 2991 672 3051 luisse
684 2990 745 3050 hoc
758 3010 839 3049 anuo
852 2986 924 3047 Maii
941 2988 976 3047 ιδ
992 2989 1129 3067 scripsit:
1151 3006 1205 3046 vo·

107 3070 208 3135 luisse
236 3072 328 3131 etiam
354 3090 477 3130 uxorum
497 3092 583 3133 suam
613 3074 765 3138 coronari.
810 3070 1011 3151 Adriauapoli
1030 3071 1091 3129 iam
1111 3088 1205 3129 coro·

106 3167 206 3216 natus
225 3152 338 3214 fuerat.
359 3174 456 3235 quare
471 3150 572 3213 denuo
587 3153 644 3214 sibi
667 3176 813 3216 coronam
832 3152 946 3234 imponi
961 3148 1104 3228 voluerit,
1124 3151 1205 3213 hauc

106 3242 177 3321 ipse
203 3238 359 3297 rationem
381 3235 490 3296 affert:
512 3234 660 3313 καίτοιγε
690 3231 789 3308 αὐτὸς
808 3229 1119 3316 ἕν’Λάριονοοαάλει
1139 3228 1202 3293 sini

107 3314 279 3401 Λαζάρου
310 3317 371 3379 τοῦ
387 3318 451 3379 τῶν
479 3312 707 3397 Ἰεροσολύμων
725 3316 922 3397 πατριάρχου
944 3314 1106 3397 &arip-‘lq-
1149 3311 1206 3375 ναί

107 3401 303 3482 ἀπέχρησεν
322 3392 401 3482 άνῆ
424 3398 483 3461 τοῦ
502 3396 594 3478 άγίου
618 3392 723 3479 μάρου
741 3398 849 3477 χρίσις
868 3380 970 3477 inari-q
987 3402 1063 3475 παρ’
1085 3394 1237 3479 sipont),
1249 3427 1302 3465 ω

105 3485 247 3549 νοῦσιν·
270 3482 321 3544 ἵνα
341 3481 376 3544 tt
394 3478 539 3584 μηδεμία
560 3475 608 3562 εἴη
629 3478 790 3563 πρόφασις
808 3484 874 3551 τοῖς
894 3476 1057 3559 ὑβρισταῖς
1078 3476 1122 3551 ὥς
1140 3472 1204 3559 ἄρα

105 3564 157 3648 μὴ
185 3564 226 3628 ἐν
256 3564 422 3649 Βυζαντιιρ
449 3559 527 3625 κατά
546 3557 581 3625 sti
604 3560 741 3643 α’ρχαῖον
759 3562 1000 3638 emelioratione
1020 3558 1093 3632 ἔθος
1114 3556 1203 3623 ἔστε-

104 3670 191 3726 mo,
227 3643 284 3707 καί
312 3642 347 3708 τὸ
376 3640 520 3725 δεύτερον
544 3634 640 3718 αὖθις
667 3647 809 3708 ἐτελεῖτο.
829 3648 894 3705 iam
916 3648 980 3727 ipse
998 3643 1207 3739 Adriaaopoii

104 3736 149 3796 ab
172 3729 464 3807 Hierosolymorum
480 3730 656 3811 putreat-elta
676 3730 797 3787 Lazmo
813 3728 1105 3806 eoroaatmfioerat3
1129 3727 1203 3786 slia-

105 3838 170 3903 que
192 3814 294 3873 sancti
311 3812 481 3873 chrismatis
501 3812 599 3871 mietio
617 3810 700 3895 apud
722 3811 881 3872 benevola
898 3807 1071 3888 sufficiebat.
1092 3830 1129 3868 ae
1147 3830 1203 3869 ue.

104 3920 145 3961 ro
167 3896 294 3959 occasio
327 3896 395 3955 utta
422 3894 635 3955 οσίααιαίααιίί
659 3892 821 3953 maledicis
854 3906 883 3953 et
902 3894 963 3953 sibi
979 3892 1089 3973 iniquis
1108 3891 1206 3952 relin-

104 3992 276 4067 queretur,
306 3976 388 4059 quod
417 3998 460 4037 ex
489 3996 569 4037 more
590 3977 631 4039 ab
651 3977 877 4059 imperaton'hus
897 3977 1062 4056 amzquitas
1081 3988 1206 4035 seruato

104 4062 268 4143 Byzantia·
285 4078 433 4120 eoronam
463 4078 525 4120 ιιοιι
542 4057 730 4141 reccepisset,
751 4059 888 4118 solearnis
908 4058 1017 4116 itcmm
1039 4058 1203 4117 ιἰισοιυηα.

102 4148 151 4209 tio
182 4145 319 4227 repetita
344 4155 374 4202 et
388 4154 517 4224 peracto
545 4154 595 4203 est.
627 4140 676 4201 hic
709 4140 785 4200 ritus
803 4140 996 4221 aliquatenus
1017 4142 1205 4201 nocemarius

105 4229 150 4291 ad
173 4246 228 4289 res
250 4224 281 4285 in
302 4223 356 4287 illo
377 4224 503 4307 imperio
523 4222 708 4285 auctoritate
734 4220 931 4304 imperatoria
948 4221 1096 4304 gamarias
1115 4221 1204 4282 habi·

102 4326 162 4376 tus
187 4316 250 4375 cst·
271 4308 417 4395 quoniam
444 4306 587 4394 equidem
604 4307 844 4390 Constantinus,
868 4306 922 4391 qui
942 4304 975 4369 iu
999 4304 1131 4391 Cpolooe
1149 4324 1203 4369 cs·
