3075 4825
329 372 488 459 tranen
514 372 764 437 rnraarnnrn
794 370 980 437 rncraro.
1123 346 1206 435 365

131 522 260 585 Ettanto
270 544 322 584 cra
340 524 475 587 indurito
496 525 525 586 el
537 546 593 585 cor
606 523 645 585 de
663 522 803 586 oadenno
819 525 876 587 che
892 546 954 586 non
972 525 1005 586 fo
1020 523 1153 587 barbaro
1170 530 1208 589 nie

129 610 222 667 Greco
239 606 298 667 che
320 606 359 667 dc
380 611 461 669 tanti
481 608 553 667 mali
579 608 702 669 havesae
733 607 895 690 eordoglio
918 611 956 669 nie
977 614 1205 691 compassione.

129 688 275 752 Vedendn
295 691 438 772 adunque
459 692 665 752 Cathacusino
685 690 715 751 ia
737 691 872 753 ostinata
893 690 1041 753 credetne
1059 692 1128 752 dola
1150 695 1208 753 inr-

128 775 279 851 peratriee
299 782 332 833 et
352 774 403 835 det
423 795 480 837 suo
501 772 677 855 conseglio‚
701 774 841 836 vedendo
867 774 915 835 far
937 784 1025 835 tanto
1046 778 1153 837 stratio
1175 776 1207 837 di

125 857 210 917 Greci
224 856 284 917 che
291 858 413 939 regnive
428 858 456 919 le
471 878 526 919 sna
540 868 641 940 parte,
657 858 871 919 recordantesc
885 856 954 919 dele
967 878 1060 941 grave
1081 880 1206 920 reneru-

127 946 155 997 te
177 940 306 1015 iniurie,
341 940 505 1002 indurante
538 940 567 1001 el
595 960 651 1001 cor
669 962 750 1019 suo,
770 942 866 1023 pensi)
886 940 936 1002 nel
956 962 1012 1003 sno
1036 942 1139 1002 animo
1160 964 1207 1003 ae·

124 1020 188 1101 quir
205 1019 309 1103 quella
338 1026 389 1083 via
418 1046 475 1104 per
494 1022 526 1085 la
554 1023 646 1107 quale
670 1045 723 1084 era
750 1023 864 1085 andata
884 1023 915 1084 la
935 1022 1148 1105 imperatrice,
1174 1037 1208 1087 et

124 1104 255 1183 perdere
285 1107 361 1166 tutti
382 1104 405 1166 li
424 1106 546 1169 Romei.
600 1107 644 1168 Et
663 1107 768 1167 sacto’l
789 1111 952 1189 pensiero,
974 1128 1057 1189 poco
1077 1107 1208 1169 demori)

122 1185 194 1247 che'i
215 1186 330 1248 mando
351 1190 389 1249 ad
411 1189 536 1252 effecto·
556 1190 599 1250 Et
620 1188 733 1250 mandi)
755 1192 793 1249 ad
816 1189 941 1250 Orchan
964 1211 1026 1251 uno
1053 1190 1208 1271 prudente

123 1270 336 1347 anrbaxadore,
357 1271 386 1332 el
407 1274 499 1367 quale
516 1293 574 1354 per
596 1294 654 1333 suo
678 1294 770 1333 nome
792 1272 813 1333 li
835 1272 959 1334 havesse
979 1272 1016 1333 ad
1036 1274 1208 1335 domandar

121 1355 215 1426 aiuto,
242 1363 275 1414 et
295 1352 430 1416 facesseir
455 1354 612 1417 intendere
631 1378 720 1417 corne
740 1367 773 1417 et
818 1367 913 1417 nanto
935 1377 987 1417 era
1008 1367 1090 1418 stato
1111 1356 1206 1419 offero

120 1434 192 1495 delii
217 1438 333 1513 Greci,
353 1448 386 1499 et
405 1460 495 1501 come
516 1440 560 1499 iai
579 1438 651 1499 dato
671 1378 849 1519 imperador
870 1438 1050 1501 Andronico
1072 1461 1124 1500 era
1144 1451 1208 1501 sta·

122 1527 153 1577 to
175 1519 286 1581 lassato
309 1523 517 1585 commissario
540 1522 578 1583 de
608 1521 759 1604 l’imperio
785 1533 817 1584 et
842 1522 891 1583 del
913 1543 969 1584 suo
1003 1522 1057 1584 fiot
1077 1524 1205 1599 Zuane,

121 1611 152 1659 et
170 1624 259 1664 conae
288 1625 343 1685 per
370 1606 485 1669 invidia
517 1627 569 1665 era
596 1616 680 1667 stato
710 1606 870 1667 descazato
893 1605 963 1666 dala
984 1609 1207 1685 commissuris,
1274 1618 1277 1625 '

120 1692 151 1743 et
169 1690 278 1768 quanti
298 1698 331 1749 et
353 1690 438 1771 quali
465 1687 538 1751 dciii
568 1692 615 1751 soi
635 1692 794 1751 necessarii
817 1698 850 1751 et
869 1690 1040 1773 propinqui
1062 1689 1206 1771 indegna·

117 1779 219 1831 mente
237 1791 333 1831 erano
362 1775 437 1835 stati
456 1775 576 1834 morti:
607 1783 640 1835 et
661 1792 694 1833 se
712 1774 744 1833 in
770 1782 880 1856 questa
897 1792 954 1832 sua
975 1776 1164 1834 necessitade
1185 1772 1208 1835 li

117 1853 192 1911 nord
213 1864 352 1934 prestare
371 1854 399 1916 cl
418 1876 475 1918 eno
506 1855 632 1917 braccio
653 1855 690 1917 e’l
710 1877 768 1917 suo
792 1856 951 1932 aiutnrio,
974 1853 1018 1916 lui
1041 1854 1063 1916 li
1082 1856 1156 1916 darii
1178 1856 1207 1917 la

113 1932 230 2013 figliola
260 1957 318 2016 per
344 1958 399 1997 sna
428 1960 544 2020 epona,
573 1948 606 1999 et
637 1947 726 1999 tanto
754 1937 805 2000 del
823 1959 880 1999 suo
903 1936 1031 1999 thesoro
1052 1940 1083 1997 in
1107 1939 1205 2014 dota,

114 2027 237 2097 quanto
258 2039 291 2077 se
311 2040 468 2101 convenga
487 2019 536 2079 aia
557 2020 673 2102 grande
687 2042 742 2081 sua
762 2021 961 2097 conditione,
983 2040 1106 2101 apreeso
1127 2042 1207 2081 senr-

111 2119 172 2178 pre
197 2097 333 2161 l’havera
352 2123 410 2183 per
429 2124 486 2163 sno
507 2124 582 2164 caro
603 2101 696 2173 fiolo,
718 2112 752 2163 et
773 2104 805 2163 in
825 2112 908 2163 tutta
929 2098 1034 2163 laeua
1056 2104 1121 2163 vita
1140 2124 1207 2163 ser·

112 2202 147 2241 ra
172 2180 362 2245 obbediente
383 2184 442 2245 alia
462 2207 516 2247 soa
536 2184 715 2250 volontade.
759 2183 999 2266 Exponendolu
1020 2182 1206 2246 ambaxado-

113 2285 148 2325 re
172 2263 204 2325 la
224 2286 281 2326 sua
302 2267 455 2329 imbaxata
466 2314 476 2346 ,
498 2269 636 2329 Orcheni
654 2277 741 2329 stava
760 2288 820 2329 con
836 2268 952 2348 grande
974 2270 1146 2329 attentione
1165 2270 1207 2329 ad

115 2346 227 2427 aldire,
251 2371 312 2411 con
335 2350 364 2411 la
384 2353 485 2414 bocca
506 2362 636 2435 aperta,
657 2360 691 2414 et
711 2351 948 2411 maximamente
969 2349 1017 2411 ala
1040 2361 1129 2432 parte
1150 2350 1205 2411 de·

115 2429 145 2490 ia
163 2453 256 2513 sposa
284 2445 317 2495 et
338 2435 420 2497 della
451 2436 550 2513 dota,
574 2455 663 2496 corne
691 2433 784 2496 elbo
805 2437 948 2496 scitiente
977 2434 1016 2494 de
1036 2445 1132 2496 estate
1153 2433 1204 2495 coi

115 2535 191 2595 capo
225 2515 309 2577 neila
334 2519 415 2580 fossa
447 2517 527 2580 delle
549 2539 629 2600 aque
647 2528 771 2579 recente
789 2539 854 2578 non
875 2537 907 2578 se
928 2517 1004 2580 satia
1025 2516 1063 2577 de
1084 2517 1204 2578 bevere.

115 2597 198 2659 Sono
220 2599 322 2680 quelle
350 2612 438 2666 rente
470 2599 598 2662 bestiale
617 2603 742 2683 perdite
760 2609 793 2662 et
815 2619 980 2662 summense
1000 2599 1062 2660 iaia
1085 2597 1247 2686 luxuria34

115 2681 256 2744 naturale
276 2694 309 2744 et
337 2696 449 2746 contra
471 2696 604 2762 natura,
638 2705 697 2745 con
718 2683 831 2744 femine
856 2695 889 2744 et
909 2703 969 2744 con
991 2683 1125 2755 niaschi,
1148 2705 1203 2744 an-

115 2763 169 2825 che
191 2787 252 2828 con
272 2768 381 2840 bestie,
403 2767 517 2850 perche
537 2767 576 2828 de
598 2767 652 2828 dio
673 2788 738 2827 non
760 2767 844 2828 hano
869 2787 966 2848 paura
985 2767 1025 2826 nc
1049 2788 1205 2850 vergogna

114 2845 161 2907 del
181 2849 311 2912 mundo.
353 2852 397 2912 Et
416 2873 449 2914 ee
468 2850 596 2912 adviene
614 2851 672 2911 che
691 2871 725 2910 re
748 2871 905 2932 azungano
923 2871 983 2911 con
1004 2849 1114 2910 femine
1129 2853 1205 2910 Gre-

116 2950 149 2989 ce
167 2953 186 2992 o
209 2934 322 2994 Latine
343 2955 363 2995 o
387 2935 426 2996 de
447 2933 528 2996 altra
549 2937 677 2996 natione
691 2932 879 3007 Christiana,
905 2953 965 2994 con
988 2941 1076 2992 tanta
1098 2931 1205 2992 brama

114 3009 141 3071 le
169 3015 318 3076 abbrazza
348 3038 437 3078 corne
464 3039 498 3079 ee
529 3017 609 3080 sorae
634 3018 757 3079 Venere
778 3037 798 3078 o
820 3015 998 3098 Cupidine3
1021 3014 1203 3076 abhorrenti

114 3095 190 3159 defle
216 3100 333 3161 femine
368 3098 449 3161 della
478 3122 532 3162 sua
555 3102 673 3182 patria,
703 3120 794 3160 conae
811 3098 936 3160 fosseno
963 3117 1033 3158 orse
1054 3119 1073 3157 o
1095 3097 1204 3179 despe-

114 3189 196 3242 ctose
221 3186 313 3264 tigre.
366 3184 469 3245 Inteso
502 3181 645 3264 adunque
675 3183 802 3243 Orchan
833 3181 905 3242 dato
933 3179 1137 3242 ambaxadore
1165 3181 1205 3242 de

113 3261 321 3328 Cathacusino
342 3264 400 3326 che
421 3265 450 3326 ia
469 3264 610 3340 donzelia
631 3286 684 3325 era
703 3264 785 3326 bella
806 3275 839 3326 et
859 3263 889 3325 la
910 3263 987 3325 dota
1009 3263 1146 3343 grande,
1172 3275 1205 3326 et

113 3349 247 3409 rezevnti
268 3347 289 3408 ti
304 3349 401 3410 ricchi
422 3348 496 3410 doni
517 3348 652 3408 mandati
672 3337 761 3409 dome
780 3349 897 3490 pepni:
919 3357 952 3408 et
969 3347 1100 3430 preludii
1124 3346 1205 3408 delle

112 3427 213 3492 future
247 3453 345 3505 noze,
365 3453 424 3492 con
445 3431 571 3492 viuculo
592 3428 802 3492 indissoiubile
843 3433 1065 3492 esacramenti
1086 3429 1150 3490 dati
1171 3439 1203 3490 et

113 3517 249 3576 recevuti
272 3526 321 3574 tra
337 3515 426 3585 loro,
449 3514 575 3598 accepto
601 3513 631 3574 la
652 3511 858 3595 promissione
880 3511 961 3574 della
981 3513 1090 3576 offerta
1111 3533 1203 3592 sposa

112 3595 189 3656 colla
209 3599 373 3660 nominata
403 3599 503 3675 dota,
533 3595 781 3678 promentendoli
808 3595 894 3676 perla
914 3617 969 3658 sua
987 3607 1079 3678 parte
1099 3595 1156 3654 che
1178 3594 1202 3656 li

112 3681 191 3739 saria
213 3703 337 3762 sempre
366 3681 452 3742 bono
487 3702 597 3743 renero
628 3691 659 3741 et
691 3679 816 3740 haveria
837 3679 1041 3742 Cathacusino
1064 3699 1121 3760 per
1142 3699 1200 3738 suo

112 3778 218 3824 socero
243 3774 277 3825 et
308 3763 464 3825 honorato
493 3775 605 3846 patre,
626 3772 659 3825 et
679 3762 710 3824 in
732 3761 762 3822 la
781 3773 923 3844 presente
940 3785 995 3826 sua
1017 3763 1147 3842 impresa
1169 3770 1201 3822 et

111 3841 142 3903 in
161 3855 244 3908 tutte
276 3845 354 3910 altre
374 3869 429 3928 rue
465 3846 648 3908 necessitade
670 3857 703 3906 et
720 3845 840 3927 bisogni
861 3868 919 3908 con
940 3854 1021 3906 tutte
1041 3863 1095 3904 sne
1116 3843 1200 3904 forne

111 3921 242 3990 liseria
270 3951 390 4012 sempre
410 3939 514 4013 presto
535 3941 566 3990 et
585 3940 703 4014 pronto
722 3931 756 3988 in
778 3929 927 4004 aiutnrio,
951 3949 1040 3989 come
1061 3947 1118 3986 suo
1140 3925 1200 3986 oh·

112 4004 252 4074 bediente
284 4013 419 4096 agnota,
445 4015 616 4075 solamente
643 4011 701 4074 che
721 4011 745 4072 ti
777 4012 936 4074 mandasse
956 4010 987 4070 ia
1008 4006 1121 4089 figiiola
1140 4029 1199 4090 per

112 4109 164 4152 aua
183 4117 276 4177 sposa
296 4119 358 4157 con
386 4097 415 4159 la
436 4097 635 4178 impromessa
657 4096 733 4157 dota
754 4093 908 4157 eventila
929 4095 1070 4174 proxima
1091 4102 1197 4154 estate.

112 4171 229 4250 Queeto
262 4201 376 4261 sporco
406 4189 439 4242 et
464 4180 625 4262 illegitimo
651 4178 853 4240 matrimonio
886 4175 919 4236 so
942 4174 1024 4235 iacto
1045 4173 1100 4236 del·
1117 4195 1199 4236 meso

112 4254 148 4318 de
170 4261 304 4329 Zenaro.
357 4263 399 4326 Er
425 4263 491 4326 cosi
510 4264 609 4325 molto
640 4262 798 4324 honorato
821 4268 853 4322 et
874 4267 1027 4322 acarezato
1050 4257 1198 4320 remandi)
