3075 4825
318 402 406 495 350
674 420 812 495 onera
838 422 1037 497 moroan

319 582 383 647 sroli
403 581 501 668 questi
519 600 595 643 sano
614 580 626 641 i
646 580 690 643 sai
709 581 827 665 proprii
857 582 956 661 narni,
986 580 1117 666 Rubra,
1137 581 1287 667 Symeon,
1307 580 1405 663 Levi,

320 668 428 739 ludas,
455 664 582 739 Isalrar,
606 663 767 742 Zabulon,
789 664 985 747 Nephtalirn,
1017 667 1106 748 Gad,
1128 668 1219 746 Aser,
1240 670 1331 750 Dan,
1352 669 1406 731 lo-

318 752 394 834 seph
415 762 446 812 et
465 749 632 811 Beniamin.
681 746 729 808 De
758 746 835 809 Levi
865 748 1024 810 descesena
1044 754 1133 811 Aron
1165 762 1196 811 et
1220 752 1352 831 Moisea3
1373 750 1407 813 di

318 833 401 917 quali
423 832 511 893 Aron
540 830 573 891 fo
594 828 732 892 dedicata
753 830 791 891 ad
813 831 1004 907 sacerdotio,
1037 834 1148 894 Maises
1168 831 1198 895 al
1218 834 1407 915 principata.

318 916 360 980 El
383 914 473 999 quale
493 911 722 993 l'octnagcsirno
737 934 819 974 anna
834 914 874 975 de
895 912 926 975 la
946 936 1001 975 sua
1022 916 1084 976 vita
1106 916 1193 999 passi)
1213 916 1242 977 el
1263 938 1332 979 mar
1352 938 1408 978 ru-

317 999 392 1076 bro,
423 1008 457 1060 et
484 995 574 1057 mend
602 996 669 1058 faro
694 996 732 1058 de
763 995 798 1057 lu
818 995 929 1079 Egipto
950 996 1040 1059 dale
1060 999 1187 1059 mande
1208 998 1353 1060 Pharaan
1377 998 1406 1060 el

317 1081 433 1166 popula
456 1080 495 1141 de
514 1080 576 1144 dio.
632 1080 751 1157 Questo
770 1078 884 1141 Moises
904 1081 934 1141 lo
955 1079 1053 1142 multo
1072 1092 1158 1164 grato
1173 1079 1218 1158 pd
1238 1080 1408 1145 l'alrissimo

318 1174 350 1228 et
370 1163 517 1247 ingrande
536 1172 616 1224 stato
634 1161 686 1223 nel
707 1162 825 1245 populo
844 1184 917 1241 sna,
937 1174 969 1224 et
986 1163 1141 1248 regniaci
1153 1164 1255 1247 tempo
1275 1166 1315 1227 de
1333 1166 1408 1226 lna·

316 1249 394 1327 cho,
414 1245 569 1330 primore
588 1244 629 1306 de
651 1245 768 1327 Argivi.
789 1246 831 1307 Et
850 1266 907 1327 per
931 1258 1038 1327 questo
1054 1270 1086 1309 se
1105 1268 1253 1330 cognosce
1271 1249 1283 1309 i
1306 1246 1406 1309 Zudei

318 1332 487 1395 consati
506 1328 599 1415 primi
617 1337 649 1389 et
668 1328 722 1412 piir
735 1328 849 1391 antichi
870 1328 960 1391 cheli
973 1330 1074 1396 Greci.
1088 1331 1286 1393 Demarando
1306 1330 1408 1393 adun-

317 1436 379 1497 qne
400 1414 411 1475 i
431 1412 528 1475 anei
547 1410 596 1473 nel
618 1411 737 1474 deserta
757 1414 830 1474 anni
852 1421 1022 1496 quaranta,
1052 1424 1085 1477 et
1105 1414 1252 1475 dominati
1273 1414 1313 1475 da
1336 1414 1408 1475 lesia

317 1498 398 1561 Navi
422 1496 495 1557 anni
512 1494 591 1556 vinti
607 1498 717 1578 niaque
735 1506 766 1558 et
780 1496 934 1558 daanici
955 1498 1028 1558 anni
1039 1507 1238 1579 quatrorenta
1258 1500 1408 1579 cinquan-

316 1590 498 1746 ieluil‘lt
518 1576 802 1743 litim?
811 1577 953 1723 laminii
953 1580 1084 1743 me
1094 1578 1273 1745 '2¹1'ssle
1289 1580 1406 1723 did-il

315 1746 348 1808 Si
369 1744 427 1807 clre
446 1766 478 1807 se
498 1764 627 1806 numera
647 1744 863 1806 ‹la-Abraham
882 1745 943 1805 fine
962 1743 1097 1807 aDavid
1114 1748 1310 1828 generatione
1328 1766 1410 1827 qna·

315 1828 460 1909 tardere,
480 1828 552 1888 anni
574 1825 659 1887 mille
676 1826 756 1889 vinti
777 1839 895 1909 quatra.
920 1826 961 1888 Et
981 1826 1021 1889 da
1041 1827 1145 1889 David
1162 1826 1284 1889 lineola
1304 1839 1408 1889 trans·
1521 1882 1522 1901 ,

315 1913 480 1996 migration
501 1909 541 1972 de
555 1909 725 1992 Babylonia
744 1910 835 1972 faron
846 1912 1042 1994 generatione
1054 1910 1247 1993 quatordexe,
1268 1913 1342 1972 anni
1362 1910 1408 1973 eei
1521 1904 1522 1987 l

316 2007 406 2058 cento
431 2014 520 2055 nave.
539 1994 582 2055 Et
599 1993 670 2055 dala
691 1995 938 2077 transmigratian
959 1991 999 2055 de
1019 1993 1185 2079 Babylonia
1203 1994 1264 2056 tine
1283 1993 1409 2057 aChrl·
1521 2004 1522 2031 i

316 2089 367 2141 sto
385 2088 499 2154 ,naara
524 2074 720 2159 redemptore
750 2077 858 2139 forano
885 2078 1078 2161 generatione
1106 2079 1310 2161 qnatonlexe,
1332 2078 1407 2139 anni

208 2310 212 2317 ,
278 2171 527 2327 ’ἼΓὲἕςῗὲἓῗὶ
544 2162 747 2305 illinit
769 2160 1057 2326 ttmttlttt‘z
1078 2160 1407 2326 {ttttsstfffftlt
1521 2218 1522 2309 l

316 2350 337 2391 a
355 2328 478 2390 Christo
499 2328 572 2389 anni
593 2326 790 2411 einqnemilia
819 2326 1044 2410 cinquecento:
1086 2324 1157 2389 dala
1185 2327 1338 2389 dominica
1358 2328 1407 2389 in·
1521 2320 1522 2375 l

315 2413 474 2474 carnatian
494 2410 556 2473 line
574 2408 605 2472 al
725 2433 744 2473 e
765 2409 965 2474 Constantino
987 2409 1059 2471 anni
1079 2421 1217 2473 trecenta
1235 2410 1404 2486 dezenato,

314 2503 350 2556 et
371 2491 442 2555 dala
465 2492 597 2590 irnperio
665 2493 677 2555 l
709 2492 828 2579 grande
848 2493 1049 2555 Constantina
1069 2493 1132 2556 fine
1151 2515 1171 2556 a
1194 2493 1348 2576 l'irnperio
1369 2493 1407 2555 de

315 2575 487 2640 Iustiniana
509 2574 688 2658 imperador
716 2579 827 2638 sarano
855 2579 927 2638 anni
957 2576 1170 2644 doxcntodexe.
1220 2576 1279 2639 Nel
1302 2587 1407 2660 tempo

313 2659 354 2720 de
374 2669 483 2740 questa
501 2657 696 2740 imperadore
719 2660 751 2720 la
772 2660 911 2721 edificata
931 2659 961 2721 el
975 2658 1090 2758 pande
1105 2661 1217 2742 templa
1236 2659 1276 2722 de
1293 2659 1406 2721 Sancta

314 2741 443 2826 Sophia.
484 2740 534 2802 Da
554 2739 705 2824 l’imperia
723 2741 764 2804 de
784 2742 953 2804 Iustiniana
977 2740 1077 2804 inlin’a
1098 2741 1245 2825 l’imperio
1265 2743 1304 2804 de
1326 2740 1407 2804 Can-

298 2828 452 2904 ¹stantino
472 2831 508 2887 et
525 2822 624 2886 Erine
655 2845 711 2886 sna
732 2835 830 2887 matre
849 2825 922 2887 anni
945 2823 1206 2888 docentaaexanta.
1245 2824 1327 2888 Delo
1347 2827 1407 2887 im.

315 2929 392 2992 pera
422 2907 463 2970 de
483 2906 583 2970 Erine
609 2907 701 2969 iasine
719 2907 760 2970 ad
781 2906 1025 2972 AlexiaComina
1047 2911 1120 2972 anni
1141 2907 1271 2971 docento
1288 2931 1408 2972 nonan-

315 3003 348 3054 ta
377 2993 499 3074 cinqne.
547 2990 655 3054 Alexio
686 3004 861 3054 veramente
889 2991 1009 3076 impero
1042 2993 1114 3054 anni
1145 3001 1247 3054 trenta
1268 3005 1355 3077 septe
1376 3001 1408 3054 et

316 3076 391 3136 anesi
409 3083 544 3157 quatra,
565 3074 682 3136 Ζοαηηὶ
700 3095 758 3137 sua
779 3074 849 3137 tiolo
869 3077 943 3137 anni
967 3075 1043 3136 vinti
1068 3085 1198 3160 quatro,
1220 3077 1293 3138 mesi
1315 3087 1405 3156 octo;

315 3157 443 3219 Manuel
463 3157 558 3242 figliol
577 3158 616 3220 de
636 3159 763 3221 Zoanne
784 3159 857 3220 anni
878 3167 979 3220 trenta
999 3168 1101 3242 septe,
1121 3160 1195 3220 mesi
1218 3179 1308 3226 nore.
1334 3159 1408 3220 Ale·

315 3243 383 3302 rins
403 3239 497 3322 figliol
521 3241 562 3304 de
588 3240 760 3317 Emannel,
787 3253 818 3304 et
842 3241 1040 3316 Andronico,
1072 3241 1130 3303 che
1150 3243 1249 3302 uocise
1280 3242 1406 3318 Alexio,

316 3323 500 3386 dominor-on
528 3324 602 3386 anni
624 3325 686 3385 tre.
730 3325 856 3387 Summa
886 3326 916 3386 in
947 3333 1032 3386 tutto
1060 3322 1211 3408 l'irnperia
1232 3323 1262 3386 di
1284 3324 1405 3386 Comini
1521 3341 1522 3406 i

316 3408 390 3468 anni
420 3416 514 3469 cento
543 3428 618 3470 nno.
668 3409 769 3490 Dapoi
791 3407 969 3471 Andronico
983 3407 1107 3469 damino
1127 3407 1263 3470 lsacchio
1284 3409 1407 3494 Angeia
1521 3409 1522 3486 l

316 3491 393 3551 anni
416 3511 505 3567 nove,
522 3493 595 3552 mesi
612 3488 958 3574 oct03AlerioAngelo,
979 3489 1093 3552 fradelo
1114 3489 1152 3552 de
1166 3491 1312 3570 lsacchra,
1335 3493 1406 3554 anni
1521 3487 1522 3568 l

316 3593 415 3651 neve3
438 3574 547 3636 Ducha
568 3573 733 3636 Mur-cullas
748 3574 889 3636 masida.
914 3575 1079 3636 Summano
1095 3573 1134 3636 da
1158 3572 1335 3636 laereation
1358 3572 1407 3635 del
1521 3577 1522 3630 l

316 3656 436 3718 mando
462 3656 555 3718 finea
576 3655 725 3738 l'imperio
747 3657 797 3720 del
812 3657 938 3733 nucha,
962 3655 1012 3718 nel
1033 3657 1103 3739 qual
1124 3659 1250 3740 irnperio
1268 3658 1300 3718 l'a
1322 3677 1408 3740 presa

317 3737 583 3822 Constantinopoli
604 3739 644 3801 da
659 3743 837 3814 Venetiani,
859 3741 932 3800 anni
950 3739 1075 3801 aeimilra
1095 3751 1234 3802 sexcenta
1253 3741 1374 3813 dodaci,
1390 3763 1408 3800 a

317 3821 430 3884 ‹lodeei
459 3823 500 3886 de
520 3820 648 3906 Aprile,
679 3843 772 3886 carno
800 3823 933 3886 secundo
960 3821 1040 3884 della
1068 3835 1183 3885 sextas
1235 3825 1336 3886 'mana
1358 3821 1408 3886 del
1521 3831 1522 3844 ¹

278 3915 309 3972 rs
322 3903 461 3973 decania.
488 3907 578 3989 Depo
597 3903 628 3966 la
648 3927 736 3988 presa
756 3905 796 3968 de
813 3905 1076 3988 Constantinopoli
1104 3909 1220 3988 impera
1238 3907 1406 3968 Tlroodarn

321 3987 466 4049 Loaclrari
488 3990 519 4050 in
541 3987 667 4050 Nichiea
689 3991 761 4051 anni
788 3990 953 4052 dieceocto.
997 3989 1116 4050 Zuanni
1138 3989 1246 4051 Ducha
1263 3990 1408 4067 Vatlrazi,

320 4087 432 4130 neaera
450 4071 488 4132 de
507 4071 671 4135 Theodora
690 4073 855 4149 Lasclrari,
878 4071 1043 4151 imperitia
1066 4074 1240 4155 Magnesya,
1264 4072 1293 4134 la
1315 4071 1408 4157 quale

316 4149 390 4210 ein
408 4151 535 4234 Sypilo,
565 4157 638 4218 anni
672 4167 774 4219 trenta
795 4157 877 4217 tres
904 4154 1070 4216 Theodoro
1093 4156 1235 4218 Laaehnri
1256 4173 1313 4217 sna
1337 4157 1408 4217 tiolo

320 4232 439 4312 impero
457 4235 531 4296 anni
549 4250 668 4321 quatro.
708 4239 827 4300 Zoanni
848 4237 1007 4316 Laschari,
1031 4235 1151 4320 elqnal
1175 4241 1276 4302 aranti
1300 4239 1332 4300 la
1352 4259 1407 4300 sna

320 4315 517 4381 coronatione
536 4319 568 4384 fa
587 4331 726 4384 excecato
744 4321 785 4386 da
807 4319 959 4386 Michaele
978 4319 1199 4408 Paumngoer
1218 4322 1250 4386 lc
1273 4324 1408 4386 mediata
