3075 4825
352 298 438 387 358
714 324 853 389 nucia
883 325 1076 393 ursionis
1122 292 1130 310 ’

353 487 376 547 li
394 486 466 557 che,
494 506 526 547 se
556 483 662 545 volivo
683 479 776 541 veiler
797 479 823 541 el
857 478 923 541 sole
943 489 974 540 et
996 478 1076 559 fngir
1097 476 1247 540 l'oscuriti
1265 488 1293 539 ct
1309 477 1332 537 le
1350 500 1401 539 mr.
1487 474 1488 543 ζ

352 570 436 651 ligne
461 568 598 644 tenebre,
621 580 686 627 non
705 562 869 625 obbedisea
892 561 920 623 el
940 562 1193 623 comandamento
1214 562 1250 621 de
1271 558 1404 641 l'inperio,

351 650 458 713 sotto'l
494 650 587 733 quale
613 671 666 710 era
697 658 763 708 tcso
790 645 818 707 el
837 646 902 708 luzo
924 655 1041 705 secreto
1062 646 1100 706 de
1120 643 1150 705 la
1167 666 1219 705 sua
1236 654 1334 709 morte.
1370 648 1404 707 le
1487 684 1488 707 r

353 734 437 819 quali
459 733 665 807 conaldus,
701 730 870 811 lllegaduca
899 729 963 791 sece
985 728 1217 824 al'imperatrice
1235 727 1404 790 conveniente
1487 760 1488 765 ¹

353 828 518 899 resposta,
551 814 733 878 mostraudo
757 813 835 875 alei
859 834 969 875 rasone
990 812 1126 896 legitime
1148 810 1197 873 del
1215 833 1267 873 suo
1287 832 1344 871 non
1360 812 1403 871 oh.
1487 814 1488 867 l

351 901 459 962 bedito
481 900 751 961 comandamento.
795 898 839 957 La
858 896 1076 978 imperatrice,
1101 892 1194 958 nldita
1224 895 1252 955 la
1272 904 1403 979 respecta,

350 984 402 1045 col
434 983 590 1067 conseglio
617 982 649 1043 di
668 973 778 1043 'nobili
799 980 831 1041 in
853 1003 909 1043 suo
932 980 1002 1043 loco
1023 978 1088 1041 sene
1111 976 1220 1041 Alexio
1239 977 1403 1059 Apocaphon

350 1066 519 1151 Megaduca
541 1064 752 1149 del'imperio,
773 1064 869 1125 homo
889 1062 951 1125 vile
971 1063 1009 1123 de
1025 1062 1129 1123 animo
1149 1084 1165 1125 e
1185 1064 1223 1123 de
1241 1083 1349 1143 sangae,
1367 1082 1404 1119 ma

350 1150 383 1211 in
407 1151 478 1232 ogni
500 1145 638 1211 scelerittr
659 1169 764 1231 sagace
788 1148 826 1209 ed
847 1158 960 1209 astuto.
1001 1145 1147 1227 Sapendo
1167 1146 1302 1241 adunque
1318 1144 1404 1209 Alexio

350 1233 547 1317 Apocaphon
570 1234 620 1294 chi
641 1233 760 1293 turono
784 1230 880 1314 quelli
904 1230 913 1289 i
936 1228 1021 1315 quali
1040 1230 1179 1291 haveano
1192 1229 1366 1291 manifestato
1383 1226 1404 1287 le

353 1338 423 1378 cose
444 1325 561 1377 secrete
581 1317 632 1378 del
653 1337 745 1377 conse
766 1314 828 1391 lio,
860 1336 949 1397 prese
969 1312 1044 1375 tutti
1066 1312 1076 1373 i
1098 1310 1220 1393 parenti
1238 1322 1267 1373 et
1285 1308 1360 1371 amici
1376 1308 1404 1369 dc

351 1398 657 1482 Cathacusino,pii1
678 1399 716 1459 de
735 1338 870 1459 dorento
892 1396 961 1459 eroi
984 1408 1016 1459 et
1039 1396 1165 1459 semidei
1186 1395 1293 1457 descesi
1308 1394 1340 1455 de
1359 1395 1403 1452 Pe.

350 1484 424 1563 lope
445 1482 534 1543 etde
564 1482 661 1547 Eaco.
710 1482 754 1545 Et
774 1480 930 1543 habiando
958 1482 1061 1565 questi
1088 1501 1177 1541 come
1206 1478 1290 1539 noelli
1309 1474 1404 1538 alereti

350 1565 448 1709 presi,
469 1564 580 1626 dubito
613 1566 670 1627 che
690 1586 754 1625 non
778 1564 915 1648 nequisse
938 1564 1068 1647 qualche
1087 1585 1170 1625 nova
1192 1562 1363 1637 turbatione,
1381 1568 1405 1619 et

363 1670 380 1708 e
401 1670 536 1729 prexone
558 1670 620 1709 non
644 1668 809 1711 venesseno
833 1658 925 1729 ropte
943 1670 1001 1729 per
1023 1648 1052 1709 ln
1073 1645 1245 1729 frequentia
1265 1645 1317 1707 deli
1333 1640 1404 1703 amici

351 1740 384 1791 et
402 1730 537 1813 parenti,
581 1732 644 1793 nali
666 1731 819 1794 venivano
841 1753 859 1791 a
877 1730 987 1792 visitur
1008 1728 1031 1791 li
1052 1729 1225 1815 prexoncri.
1263 1730 1301 1790 Et
1319 1726 1405 1809 perclil

350 1814 427 1875 tutti
449 1816 470 1875 li
496 1755 602 1877 veedlri
622 1814 692 1877 dela
710 1816 771 1877 citt
792 1814 829 1877 e’l
850 1836 892 1895 po
917 1814 969 1875 olo
999 1816 1098 1877 molto
1122 1812 1259 1875 reveriva
1277 1823 1304 1873 et
1322 1830 1404 1869 amavi

352 1897 562 1959 Cathncusino
582 1919 671 1959 come
697 1897 833 1961 donator
851 1837 929 1959 delle
951 1898 1049 1980 gratie
1068 1909 1099 1959 et
1120 1894 1193 1959 delli
1212 1892 1351 1969 beneficii,
1368 1888 1404 1951 eol

309 1994 341 2032 ²²
351 1978 381 2040 la
401 2002 508 2065 sagace
534 1990 638 2043 mente
670 1980 792 2044 ordeni)
814 1982 872 2043 che
893 1980 932 2043 de
953 2004 1049 2044 zorno
1071 1980 1148 2045 tutti
1172 1982 1181 2041 i
1200 1976 1341 2063 preconeri
1358 1996 1404 2055 po-

350 2064 474 2126 dessero
495 2077 577 2127 stare
596 2065 711 2127 inseme
729 2065 761 2127 in
784 2064 817 2127 la
841 2064 956 2149 grande
983 2087 1101 2150 prexon
1125 2064 1174 2127 del
1194 2065 1312 2145 palato,
1330 2081 1370 2119 rna
1384 2056 1406 2115 la

348 2158 443 2210 nocte
462 2148 585 2211 sosseno
607 2148 702 2211 serati
722 2172 740 2209 a
760 2148 815 2211 doi
838 2173 855 2209 a
876 2150 927 2211 tre
946 2146 978 2209 in
999 2148 1103 2232 picole
1126 2158 1282 2209 camerete.
1319 2144 1354 2204 Et
1370 2139 1404 2199 le·

349 2239 402 2292 eto
423 2230 526 2293 venire
543 2230 624 2293 sobri
644 2242 677 2294 ct
697 2230 834 2295 dolatori
851 2254 911 2294 con
929 2230 1056 2315 lignami
1077 2241 1109 2295 et
1124 2226 1294 2293 ferramenti
1313 2250 1328 2286 n
1345 2232 1404 2285 met·

348 2322 416 2375 tcre
435 2316 467 2375 in
487 2317 633 2397 operula
655 2318 785 2379 volunta
814 2314 1072 2399 del'Apocopho‚
1096 2310 1297 2378 l’infortunati
1315 2326 1404 2391 prero-

349 2398 420 2458 neri
441 2400 661 2463 cominzarono
679 2413 876 2484 gravemente
890 2409 938 2464 tra
957 2423 990 2462 se
1008 2400 1095 2462 stessi
1119 2425 1138 2462 a
1156 2397 1350 2468 connisum,
1368 2388 1404 2450 dl-

350 2481 470 2542 cendoe
494 2493 603 2565 questu
621 2486 819 2568 seperatione
843 2486 927 2547 l'uno
948 2483 1088 2548 dal'altro
1111 2506 1177 2547 non
1203 2481 1327 2564 significa
1345 2471 1405 2534 altro

351 2563 408 2623 clie
429 2563 458 2624 la
479 2564 664 2629 suffocation
682 2579 792 2630 nostra
813 2569 852 2630 dc
873 2579 965 2631 nocte
983 2591 1057 2631 over
1077 2567 1287 2630 submersione
1305 2562 1331 2620 in
1351 2575 1406 2640 per·

351 2645 451 2707 fundo
474 2648 524 2708 del
553 2671 648 2713 mare.
689 2654 723 2713 In
744 2662 856 2736 questo
881 2675 967 2714 mezo
988 2675 1025 2714 ve
1046 2653 1150 2714 nando
1171 2645 1347 2732 l’Apocapho
1365 2659 1407 2721 per

352 2729 452 2810 partin
470 2729 499 2790 le
519 2753 637 2793 camere
659 2743 691 2795 et
711 2736 774 2796 desi
796 2757 853 2796 nar
878 2735 994 2817 l’opera
1015 2676 1055 2797 ali
1071 2735 1201 2812 maistri,
1219 2752 1302 2794 come
1320 2727 1406 2786 dovu-

351 2833 424 2872 seno
460 2814 633 2896 fabricare,
658 2819 748 2878 entro
775 2757 885 2880 deutra
915 2820 947 2880 in
976 2821 1004 2882 le
1025 2841 1161 2904 prexone
1191 2817 1258 2879 solo
1279 2838 1296 2876 a
1314 2803 1406 2871 cavallo

352 2916 411 2955 con
432 2919 496 2960 uno
514 2920 607 2961 servo
630 2901 754 2983 apiede
775 2900 910 2964 secundo
932 2901 962 2962 la
980 2925 1036 2964 sua
1057 2925 1179 2965 manna.
1222 2896 1318 2978 Quelli
1335 2909 1405 2952 vera-

350 2989 477 3076 mente,
504 2983 528 3044 li
555 2983 642 3066 quali
660 3007 755 3047 erano
780 2985 812 3045 in
833 2985 863 3046 le
883 3007 1019 3068 praxone
1040 2987 1198 3062 retenuti‚
1221 2978 1347 3047 vadendo
1365 2991 1407 3032 co·

350 3069 414 3156 ⁸l¹¹¹
442 3086 532 3128 come
561 3089 697 3130 comune
715 3067 879 3151 proditore
907 3079 939 3132 ct
961 3081 1071 3152 raptor
1091 3072 1131 3132 de
1153 3071 1182 3132 le
1203 3068 1312 3137 anime,
1332 3069 1358 3120 et
1373 3063 1408 3116 m

350 3145 374 3204 lr
406 3144 478 3207 altri
506 3171 570 3210 uno
597 3153 698 3227 aaut,
727 3152 767 3216 de
800 3153 904 3214 animo
939 3153 1027 3215 etde
1048 3175 1164 3236 sangae
1184 3169 1341 3236 generoso,
1360 3155 1407 3198 ⁰0¹¹

349 3230 505 3310 possando
534 3234 591 3317 piis
623 3236 690 3296 l’ira
717 3247 749 3298 et
766 3235 802 3296 lu
831 3235 928 3298 hodio
958 3237 1129 3312 refienare,
1150 3258 1238 3320 prese
1259 3234 1288 3292 in
1306 3219 1409 3291 locode

349 3313 446 3394 spada
481 3337 542 3376 una
578 3319 689 3395 stella,
719 3320 750 3379 la
801 3319 871 3380 nale
904 3341 1010 3381 acaso
1043 3319 1119 3384 lise
1150 3331 1298 3384 trovam,
1320 3319 1346 3372 el
1363 3321 1406 3364 ⁰⁰⁰

306 3397 340 3450 ²³
351 3395 455 3478 quelle
476 3421 618 3480 pernosse
636 3343 833 3484 l'Apocaplro
855 3403 887 3464 in
904 3404 935 3463 la
953 3414 1030 3466 testa
1040 3425 1051 3482 3
1074 3403 1099 3464 el
1120 3404 1214 3488 quale
1229 3395 1323 3483 peria
1336 3408 1407 3474 grass-

350 3479 390 3539 de
409 3479 499 3542 botta
519 3483 624 3546 subito
647 3484 686 3546 da
707 3486 827 3549 cavallo
850 3487 880 3548 in
905 3497 988 3548 terra
1008 3497 1141 3565 cazette,
1165 3506 1253 3549 come
1272 3471 1406 3566 l'nltrosq

350 3571 404 3623 tan
425 3563 464 3624 da
486 3565 563 3627 ciclo
585 3578 701 3631 cazette
723 3569 755 3631 in
774 3580 871 3637 terra.
912 3569 950 3630 El
971 3591 1061 3633 servo
1081 3579 1258 3632 veramente
1278 3583 1307 3626 se
1324 3557 1407 3626 ubt⁸²⁰

349 3665 410 3706 con
433 3648 534 3722 Rual‚
568 3660 601 3712 et
631 3653 706 3713 tutti
732 3653 786 3715 doi
814 3675 903 3714 corne
923 3653 955 3714 in
987 3651 1017 3714 la
1034 3655 1169 3736 palestra
1198 3649 1406 3714 conbanevano·

349 3727 402 3790 Un
423 3733 502 3794 altro
521 3733 554 3792 di
571 3737 736 3814 prexoneri
769 3735 850 3799 tolse
872 3759 934 3798 una
951 3759 1076 3798 manera
1098 3735 1167 3799 dele
1188 3755 1277 3796 mane
1295 3724 1347 3790 deli
1363 3719 1407 3780 do-

350 3807 445 3875 latori
478 3815 535 3878 che
560 3815 583 3877 ll
616 3819 642 3879 si
664 3828 864 3894 trevenano,
888 3831 920 3883 ct
950 3822 1045 3903 taglio
1066 3821 1094 3882 la
1115 3830 1196 3882 testa
1220 3842 1238 3878 a
1258 3811 1350 3898 quello
1368 3801 1409 3863 che

350 3914 402 3954 era
420 3908 528 3961 cazuto
549 3901 589 3962 da
607 3900 747 3979 cavall03
781 3901 810 3963 la
832 3903 905 4000 qual
925 3915 1042 3984 passata
1063 3925 1124 3968 con
1146 3925 1190 3964 nn
1213 3900 1318 3982 legno,
1336 3901 1407 3968 ⁵⁰Pf⁸

275 3981 280 3992 ’
350 3995 394 4037 un
427 3982 525 4045 merlo
558 3983 588 4045 la
610 3984 727 4046 flecht.
749 4007 807 4068 per
827 3986 935 4084 liquali
959 3986 1112 4070 inopinati
1146 3985 1212 4048 cesi
1251 3973 1409 4062 Bisontios}

350 4065 572 4157 tutu-crecta
599 4079 809 4131 amaramente
838 4093 959 4152 pianze.
994 4072 1033 4132 de
1063 4072 1116 4167 qui
1148 4091 1228 4130 sono
1263 4061 1375 4150 derirqtl
1391 4047 1407 4105 ¹¹

349 4138 453 4202 damni
484 4158 518 4208 et
545 4149 747 4230 intollerabili
781 4154 883 4213 aflinni
918 4155 949 4214 di
980 4156 1082 4216 nrisnrr
1107 4150 1241 4227 Bomoi,
1261 4145 1407 4210 etnltrnn-

349 4227 501 4289 mentale
520 4233 696 4312 perditione
713 4235 794 4298 della
806 4239 877 4301 eius
897 4247 928 4300 et
943 4239 1130 4321 del'imperio
1152 4235 1204 4298 del
1223 4229 1330 4316 grande
1341 4225 1408 4284 Cou-
