3075 4825
353 342 512 411 1rlncn
540 344 790 410 mmnnnrrr
816 343 1007 411 rncmro.
1124 324 1214 441 439

134 504 193 572 sto,
228 506 350 580 excepto
380 496 420 559 de
449 496 550 560 alconi
580 496 722 577 Turoni,
751 497 878 582 liqunli
908 498 931 561 ,ἱ
952 500 1036 563 rolse
1056 510 1163 567 vetem
1183 507 1214 569 el

135 597 219 662 passo
240 579 299 643 olle
319 584 384 643 rive
404 580 444 642 de
464 582 629 643 Hermone.
671 580 752 644 Delli
773 583 859 666 quali
880 593 967 663 porte
987 584 1098 647 forono
1118 590 1215 649 morti

134 675 163 724 et
182 674 270 746 perte
291 664 387 749 firgnti
406 664 446 725 da
465 664 581 731 Zeneit.
623 666 716 727 Tutto
737 664 833 727 l’Asie
853 687 903 727 em
923 667 1098 748 perturbate
1116 691 1173 752 per
1185 673 1217 735 el

134 768 237 829 passer
265 747 305 807 de
324 747 456 809 Mustela
484 747 515 809 in
539 748 676 809 Oriente.
735 748 773 809 Li
802 750 935 811 Smirnei
959 760 1135 813 veromente
1153 775 1215 817 con

133 830 248 911 grande
276 829 482 891 admiratione
507 840 634 892 stavnno
665 828 706 893 ed
727 832 877 911 guardam
903 832 954 893 chi
985 844 1017 894 et
1037 834 1117 894 onde
1137 837 1216 899 losse

131 914 233 995 quella
255 932 335 975 nove
357 922 444 975 rente
461 912 517 975 che
551 912 649 975 huvee
669 922 791 995 pisseto
811 916 839 977 el
859 915 952 976 liume
970 914 1022 997 de,
1035 916 1215 999 llermono,

130 1006 161 1057 et
180 996 232 1057 chi
253 996 332 1059 fosse
353 995 382 1058 el
399 1017 457 1058 sno
478 994 631 1079 capitano.
674 998 808 1075 Quando
829 998 933 1058 hanno
951 1006 1064 1080 sopnto
1084 1000 1142 1062 che
1163 1023 1216 1064 ern

131 1080 256 1157 zeoait,
277 1080 347 1141 tutti
365 1100 424 1141 con
446 1078 476 1142 le
494 1080 638 1162 mogliere
658 1090 688 1141 et
708 1078 815 1161 liglioli
833 1102 1006 1143 correveno
1027 1103 1045 1142 n
1083 1084 1215 1146 norder-

129 1158 180 1239 ln,
213 1161 325 1247 perche
353 1164 385 1223 lo
419 1184 474 1245 per
502 1165 694 1243 generatione
714 1164 855 1224 Smirneo
889 1174 920 1225 et
940 1166 972 1223 in
996 1164 1097 1246 qnela
1137 1170 1216 1228 ntria

129 1264 182 1305 era
202 1254 284 1308 stato
306 1246 464 1311 nntricnto.
493 1246 643 1309 Havendo
663 1254 837 1308 veromente
856 1256 967 1328 reputo
988 1267 1074 1309 come
1095 1188 1275 1323 cillo-175

128 1330 205 1390 nato
227 1327 266 1390 de
287 1330 337 1390 Ati
356 1327 519 1390 demorare
551 1328 583 1389 in
605 1329 726 1411 Epheso
749 1340 780 1391 et
798 1330 830 1389 in
851 1330 971 1409 Tireis,
992 1330 1102 1391 Zenmt
1125 1353 1217 1413 pene-

131 1410 179 1498 trp
201 1412 254 1493 pit
281 1422 370 1473 entro
403 1422 434 1473 et
467 1432 566 1473 venne
597 1413 636 1475 ed
658 1412 763 1475 Vriele
784 1421 816 1473 et
837 1412 960 1491 Eritne,
982 1413 1162 1476 Clnsomene
1183 1425 1217 1478 ct

131 1492 201 1556 nitri
221 1494 303 1556 lochi
325 1496 552 1573 circumvicini,
571 1516 628 1557 ove
649 1516 746 1557 ereno
775 1494 892 1556 homini
910 1492 1007 1556 molto
1026 1496 1164 1559 bellicosi
1184 1508 1217 1560 et
1251 1500 1254 1503 ’

129 1579 285 1722 tt‘tlt
304 1577 948 1724 tt‘fttlft'tt‘ttlt'litttt'tlt‘
968 1575 1217 1727 ”lz'ttttlt
1322 1599 1326 1610 ’

130 1740 233 1819 lanne,
252 1682 453 1829 quentuiique
473 1707 603 1807 fosseno’
619 1754 718 1807 storte
741 1754 775 1807 et
795 1743 856 1805 mol
877 1681 1022 1819 lavdi-ite,
1043 1756 1075 1806 et
1093 1746 1115 1807 li
1138 1746 1214 1808 lerri

127 1825 191 1887 lece
212 1826 259 1888 fer
281 1830 313 1889 in
337 1848 450 1910 presse.
502 1828 543 1889 Et
565 1828 629 1889 cosi
649 1826 681 1889 in
715 1827 808 1909 pochi
830 1830 912 1888 corni
934 1828 1024 1887 ormi>
1043 1838 1092 1889 trn
1114 1832 1214 1891 arceri

126 1905 281 1970 lenznrori
307 1918 339 1971 et
367 1908 526 1971 inculatori
551 1910 631 1971 circa
663 1909 717 1971 doi
739 1910 831 1973 milio.
887 1910 1037 1971 llnvendo
1065 1912 1163 1971 inteso
1184 1912 1214 1974 cl

127 1990 260 2051 Mustela
289 1990 328 2053 de
354 1993 421 2053 dtis
440 1990 470 2052 le
499 1994 657 2075 inopinate
678 2000 793 2055 venntn
816 1991 1001 2068 «telendit,
1025 2006 1212 2076 congregato

126 2069 159 2131 lu
181 2074 339 2151 exercito,
358 2074 398 2137 da
417 2072 540 2156 Epheso
560 2076 642 2157 perti
660 2085 692 2135 et
712 2095 812 2137 venne
832 2096 925 2137 verso
943 2073 974 2135 le
992 2074 1127 2137 Smirne.
1171 2078 1215 2138 Et

126 2156 238 2217 Zennit
257 2156 409 2219 hnbiendo
428 2157 526 2219 inteso
546 2156 604 2218 che
625 2157 758 2219 Mustela
783 2178 817 2218 se
835 2178 890 2219 ern
905 2176 1008 2217 moseo
1026 2178 1088 2218 con
1109 2155 1142 2218 lu
1162 2178 1215 2218 ex·

126 2240 223 2299 ercito
244 2262 301 2323 per
321 2242 408 2303 venir
427 2238 589 2302 contrade
609 2237 670 2317 lui,
691 2240 815 2301 subbito
832 2261 865 2301 se
882 2260 983 2301 mosee
1003 2260 1058 2320 per
1075 2248 1216 2301 scontro-

126 2341 160 2383 re
188 2324 331 2386 Mustela.
379 2325 421 2386 Et
444 2321 667 2385 econtrendose
693 2322 776 2385 l'nno
806 2344 867 2384 con
889 2321 991 2384 l'oltro
1010 2323 1041 2382 in
1061 2344 1125 2383 uno
1143 2324 1212 2385 loco

126 2402 270 2488 elqunle
289 2427 323 2470 so
348 2406 466 2470 chiama
491 2404 662 2484 Memmio,
693 2415 726 2469 et
751 2405 884 2468 ordinati
912 2406 936 2468 li
956 2404 1078 2467 exerciti
1097 2404 1213 2466 tumul·

125 2490 328 2552 tuariemente
348 2513 435 2553 come
454 2501 625 2573 possetteno
647 2491 678 2550 in
699 2487 766 2551 loco
785 2487 909 2551 difficile
923 2500 953 2550 et
967 2489 1132 2572 paludoso,
1154 2509 1212 2571 per

126 2571 231 2634 elsuo
251 2574 404 2636 trombete
430 2572 593 2636 secedere
620 2573 648 2634 el
676 2595 768 2653 regno
798 2571 877 2634 dello
898 2573 1053 2654 battaglia.
1102 2573 1211 2635 Zennit

124 2674 185 2716 non
208 2656 303 2720 hoves
323 2658 475 2718 homnem
494 2658 533 2716 ne
553 2655 625 2718 altri
646 2656 745 2718 bellici
767 2654 972 2717 instormenti.
994 2677 1044 2715 mo
1066 2655 1211 2716 intrando

124 2739 195 2800 tutti
214 2741 268 2801 doi
288 2739 310 2801 li
330 2741 454 2804 exerciti
475 2741 506 2800 in
529 2739 678 2821 beringher,
702 2749 732 2800 et
751 2739 971 2816 mesccendose,
992 2739 1101 2798 Zenait
1122 2759 1211 2800 come

123 2819 960 2967 lllltlttt¹{litlot“tltttltltffi
970 2834 1211 2964 {diiliiill

122 2987 221 3068 stese,
244 2987 276 3050 el
298 2929 390 3074 qunie
409 2989 498 3050 meno
517 3009 581 3049 uno
599 2927 715 3050 phirede
746 2949 838 3070 polpo
861 2986 942 3048 colla
962 3007 1048 3045 maen
1069 2985 1108 3045 dc
1128 2986 1211 3046 serro

124 3069 155 3131 in
176 3071 259 3132 cime
287 3071 368 3134 della
396 3081 496 3144 teste,
523 3093 577 3153 per
601 3011 640 3132 ia
668 3070 741 3152 quel
774 3071 863 3132 hotta
883 3068 912 3130 el
932 3066 1055 3129 dolente
1076 3069 1210 3129 Mustela

123 3155 286 3236 procidivo
317 3175 336 3216 a
366 3165 451 3216 terra
483 3163 586 3214 morto
607 3155 647 3214 dn
668 3152 786 3215 cavallo
807 3153 937 3218 cadette.
989 3151 1113 3212 Alhora
1134 3153 1210 3213 tutti

123 3238 214 3320 quelli
237 3237 261 3301 li
286 3237 370 3319 quali
391 3238 529 3299 heveono
560 3239 712 3317 sequitato
733 3236 886 3309 Mustela,
909 3255 943 3294 se
962 3232 1159 3294 inclinnmoo
1179 3243 1272 3316 et176

121 3341 208 3383 come
242 3320 342 3382 duche
362 3322 538 3382 saluterono
557 3318 679 3397 Zioait3
704 3315 732 3380 el
762 3318 855 3400 quale
880 3318 955 3379 lieto
971 3339 1026 3398 per
1046 3316 1075 3378 ln
1095 3316 1212 3376 hnvuta

121 3405 251 3466 victorie
272 3425 329 3466 con
352 3405 465 3486 grande
484 3423 613 3464 numero
634 3401 672 3463 de
693 3412 779 3461 rente
797 3412 911 3462 armata
931 3421 1031 3461 venne
1053 3400 1086 3460 in
1104 3397 1212 3478 Ephe.

121 3507 167 3548 so.
206 3487 295 3551 Ettr
322 3487 503 3562 similmente
532 3507 621 3548 come
642 3485 746 3546 ducha
768 3485 800 3544 so
819 3506 878 3544 con
899 3481 994 3543 multe
1012 3482 1103 3544 leode
1125 3499 1211 3538 rene-

121 3581 206 3632 vutn.
249 3571 359 3632 Zenait
388 3571 496 3654 poiche
521 3569 620 3630 hebbe
640 3568 793 3650 aquisleto
822 3565 851 3627 el
881 3567 1037 3641 ducilem,
1060 3562 1211 3624 comendo

120 3651 175 3714 ohe
194 3675 253 3737 per
272 3653 389 3715 homini
414 3655 555 3738 generosi
578 3650 606 3713 el
633 3673 731 3732 corpo
758 3651 797 3712 de
816 3653 950 3711 Mustela
974 3650 1052 3709 fosse
1071 3642 1210 3725 sepellito

121 3743 167 3798 tra
183 3737 206 3799 li
229 3738 276 3799 soi
297 3736 486 3819 progenitori
506 3733 556 3796 nel
579 3733 705 3794 castello
727 3735 757 3794 in
779 3733 809 3794 le
832 3735 991 3816 sepultum
1012 3739 1156 3811 potema;
1179 3736 1211 3786 et

120 3820 180 3882 cosi
200 3821 233 3882 lo
256 3820 346 3886 fecto.
386 3823 547 3882 Tornemo
570 3816 712 3877 horamai
733 3818 775 3878 ali
793 3815 961 3899 poviglioni
982 3813 1022 3874 de
1041 3811 1166 3902 Zenait3
1186 3807 1210 3869 li

121 3900 192 3982 quel
223 3903 353 3964 lucendo
386 3904 424 3964 de
454 3914 543 3964 nocte
570 3900 619 3960 dol
650 3921 757 3982 campo
777 3901 816 3962 de
837 3899 971 3961 Mustela
992 3889 1209 3954 Ottomanrdes

123 3981 199 4046 lasso
230 3985 339 4046 deserti
368 3997 400 4048 et
422 3984 523 4048 vacui.
576 3985 621 4043 La
642 3988 757 4045 matina
777 3993 925 4066 sequente
955 4001 973 4036 a
996 3973 1100 4056 quelle
1120 3983 1209 4036 nocte

122 4068 176 4132 che
197 4071 306 4132 Zennit
329 4069 450 4147 funettc,
463 4067 594 4130 Mustata
612 4076 642 4127 et
662 4067 683 4126 li
705 4067 839 4148 principi
859 4060 1078 4124 contincarono
1098 4079 1117 4115 a
1137 4077 1209 4137 par-

122 4147 183 4212 lnre
206 4173 300 4234 sopra
321 4151 351 4214 ln
372 4153 442 4231 luga
465 4153 504 4212 de
524 4153 631 4210 chait
685 4148 787 4226 Quelli
809 4149 866 4207 che
890 4139 1207 4236 nutricavano‘hodio

122 4245 227 4298 conca
246 4235 357 4316 Zinett,
382 4237 531 4300 dioevano
549 4233 607 4296 che
627 4254 680 4294 ern
699 4239 821 4314 passeto
844 4223 961 4290 alatne
981 4231 1069 4308 perte
1087 4233 1118 4284 et
1137 4243 1207 4286 unr-
