3075 4825
530 336 770 401 aututino.
1120 344 1192 407 xm

120 486 324 567 qualefnerit,
346 510 380 552 ex
403 490 468 573 ipso
489 488 606 553 discere
622 512 800 575 possumus,
816 494 869 575 qni
889 513 921 553 se
941 492 1076 575 politicis
1099 494 1193 557 rebus

93 606 304 711 Q
333 606 497 669 tractandis
523 619 703 689 occupatum
723 608 813 670 fuisse
834 608 938 670 tradit.
960 610 1044 692 apud
1064 611 1194 673 Gateiu·

115 723 168 783 sios
177 719 267 785 Lesbi
290 723 552 805 principes-nime
557 734 682 807 partem
705 727 859 809 transegit,
881 724 939 784 fide
961 746 997 785 ac
1016 727 1115 809 gretia
1135 749 1202 819 va·-

113 836 184 924 iuitj
206 836 246 899 ab
269 837 387 921 illisque
405 837 442 899 ud
462 839 622 901 sultanum
636 841 837 901 Mehentetem
857 816 1025 903 secunduin
1045 852 1114 925 post
1134 864 1190 905 ur·

75 928 94 937 -
112 954 175 1015 bem
193 966 347 1055 Q.
366 954 479 1039 legatus
504 956 631 1052 .¹¹.¹.i,⁸.⁸.l².⁸.
645 966 700 1047 est.
743 957 856 1018 Rerum
878 955 1091 1041 quarundam,
1112 978 1189 1043 quas

111 1080 413 1165 nanatffleetator
435 1073 514 1150 suit,
539 1093 670 1156 cumque
692 1074 879 1156 principibus
899 1074 962 1135 istis
979 1072 1095 1136 Lesbiis
1112 1093 1189 1157 opc·

112 1206 173 1245 ram
194 1189 376 1261 necaverit,
399 1189 432 1249 in
454 1190 522 1250 Asia
541 1210 588 1250 res
609 1200 729 1272 gestas,
751 1192 783 1251 in
806 1211 865 1272 qua
888 1190 988 1274 ipsum
1008 1200 1114 1253 nutum
1136 1190 1188 1251 fu.

110 1298 161 1365 isse
192 1304 361 1367 verisimile
382 1316 446 1383 est,
477 1306 524 1367 vel
558 1306 588 1365 in
611 1304 726 1375 Lesbo,
750 1307 918 1367 accuratius
938 1306 1058 1371 novisse
1076 1311 1187 1389 potuit,

110 1430 195 1503 atque
218 1422 258 1483 de
277 1422 363 1482 Duco
384 1421 507 1503 eiusque
531 1420 684 1482 scribendi
708 1424 827 1482 ratione
847 1400 1000 1483 hactenus.

183 1540 275 1619 Quae
292 1538 410 1668 νοω)
419 1536 607 1746 ¹hnssedendo
623 1536 700 1597 libro
714 1538 770 1619 ipsi
783 1539 1031 1620 praestiterimus,
1046 1538 1187 1623 deinceps

108 1656 281 1737 exponenda
292 1666 373 1717 sunt.
389 1657 459 1716 unic
488 1654 594 1715 codice
605 1652 808 1716 bibliothecae
816 1654 926 1737 Regiae
937 1654 984 1715 usi
993 1674 1106 1717 suanus.
1117 1676 1188 1739 ope·

107 1772 142 1833 ris
155 1774 224 1835 finis
236 1774 271 1833 in
287 1792 324 1833 eo
337 1742 542 1847 desideratum
565 1790 622 1833 uec
635 1770 786 1851 scriptura
804 1772 869 1831 eius
881 1769 1023 1853 castigata
1036 1782 1067 1833 et
1081 1750 1186 1835 emen·

107 1882 169 1950 data
186 1898 247 1967 est,
269 1900 300 1949 at
319 1886 581 1971 pronunciationis
600 1885 766 1949 hodiernae
786 1886 873 1969 vitio,
895 1888 1076 1950 confusione
1096 1890 1187 1949 nimi·
1250 1952 1264 1977 ὁ

110 2024 169 2065 rum
190 2024 207 2064 s
227 2007 329 2067 tenuis
359 2026 430 2065 curn
452 2024 487 2063 αι
507 2001 718 2085 diphthongo,
742 2002 905 2065 iotacismo
927 2004 1018 2066 etism
1039 2007 1187 2067 contiuuo

110 2133 273 2204 surrupta,
293 2122 335 2180 ita
354 2129 388 2178 ut
406 2138 495 2199 saepe
517 2118 628 2177 vocalis
646 2138 707 2178 una
728 2138 791 2199 pro
810 2116 883 2197 alis,
904 2117 1112 2201 diphthongus
1131 2141 1188 2201 pro

109 2235 224 2314 coceii,
259 2256 295 2295 ac
322 2236 390 2295 vice
410 2252 501 2294 versa
520 2232 696 2305 succedant.
721 2242 820 2293 textus
840 2231 921 2293 iilius
940 2232 1102 2294 continuus
1124 2247 1185 2307 eu,

109 2352 374 2416 consectionibus
408 2359 461 2410 aut
482 2346 636 2431 capitibus
657 2346 837 2421 distinctus,
861 2350 910 2408 cui
931 2348 1109 2431 marginales
1129 2370 1186 2410 no·

108 2468 180 2530 tube
201 2469 317 2531 indices
331 2465 512 2551 quibusdam
524 2465 596 2527 locis
617 2465 770 2546 appositae
783 2475 866 2526 sunt.
891 2463 1056 2526 faciliorem
1076 2466 1184 2527 iectio-

110 2605 171 2646 nem
191 2597 226 2646 ut
254 2586 467 2660 redderemus,
492 2590 607 2642 textum
639 2583 671 2640 in
711 2580 810 2663 capita
841 2580 979 2642 dividere
1000 2581 1099 2642 vuum
1118 2593 1182 2660 est,

110 2703 289 2784 marginibus
320 2702 410 2762 etiam
438 2697 557 2759 notulas
585 2717 736 2778 apponere
768 2697 881 2758 indices
901 2717 1029 2777 eorum,
1050 2719 1129 2782 quae
1151 2701 1184 2760 in

112 2823 184 2878 textu
206 2827 383 2880 narrantur.
406 2834 538 2896 cumque
561 2823 753 2893 temporum,
774 2813 886 2894 quibus
907 2834 957 2874 res
975 2825 1077 2896 gestae
1096 2827 1181 2895 sunt,

112 2935 235 3013 epochae
264 2932 388 2994 omnino
411 2931 596 2992 necessariae
622 2930 695 2999 sint,
718 2936 753 2987 ut
774 2926 857 2988 cisra
880 2949 916 2988 ac
935 2931 1093 3010 perspicua
1114 2952 1186 2992 nar·

112 3051 179 3110 ratio
197 3051 326 3122 evadat,
347 3045 415 3110 illas
438 3067 508 3108 curn
521 3067 555 3106 ex
576 3045 702 3106 historia
720 3043 951 3117 Musuhnmics,
974 3055 1041 3106 turn
1060 3067 1095 3107 ex
1118 3047 1185 3110 aliis

112 3165 222 3230 Graecis
243 3189 280 3230 ac
295 3167 410 3228 Latinis
429 3174 582 3244 excerptos
605 3159 806 3243 apposuimus.
825 3180 921 3222 annos
942 3160 1033 3242 etiam
1044 3161 1185 3246 Hegirae,

113 3279 158 3342 nbi
187 3303 303 3346 necesse
329 3281 407 3359 fuit,
439 3291 470 3342 et
502 3279 541 3340 ab
571 3247 645 3338 orhe
677 3274 804 3338 condito
840 3276 1184 3359 secundanorum,

112 3395 289 3461 Christianae
309 3419 396 3460 aerae
416 3397 503 3458 annis
519 3392 643 3456 adiectis
663 3392 889 3474 adscripsimus.
924 3393 1101 3500 Qum
1120 3395 1183 3477 uy-

115 3517 257 3576 tantinum
290 3515 445 3598 appellare
473 3499 612 3599 placuit,
644 3511 789 3594 quonium
808 3511 910 3569 Duces
930 3530 977 3569 res
999 3512 1029 3569 in
1052 3485 1104 3572 iiio
1125 3513 1185 3570 im.

59 3617 80 3628 ..
114 3613 187 3706 perio
207 3599 453 3714 guffienuele
466 3629 603 3692 Iohanne
625 3637 654 3688 et
669 3624 870 3686 Constantino
889 3625 1107 3708 imperantibus
1129 3625 1185 3686 de-

115 3747 215 3836 scribit.
245 3759 338 3832 notas
368 3735 447 3810 libro
477 3745 677 3820 subiecimus,
701 3753 735 3801 ut
763 3760 944 3802 consensum
964 3761 999 3802 ac
1018 3741 1187 3802 dissensum

118 3865 282 3926 narrationis
308 3863 413 3924 Ducae
443 3881 514 3922 curn
536 3859 668 3920 Leonico
698 3856 838 3916 Phranzc
858 3853 1045 3916 Leunclavio
1068 3862 1098 3913 et
1120 3854 1185 3917 eliis

115 3974 323 4058 indicaremus,
346 3979 394 4040 vel
424 3977 483 4038 alia
505 3984 616 4034 notatu
638 3972 728 4052 digna
753 3970 977 4031 adunassemus.
1000 3987 1038 4028 ne
1057 3969 1184 4032 nimium

118 4106 266 4158 tenorent
296 4093 499 4167 inhibuimus,
534 4089 687 4169 illasque,
721 4093 872 4167 quantum
898 4101 991 4164 penes
1019 4105 1074 4145 nos
1104 4085 1183 4161 suit,

118 4213 313 4276 contraximus.
334 4211 439 4274 Dusae
458 4207 600 4270 historiae
619 4199 805 4263 Chronicum
825 4197 937 4276 breve,
960 4219 996 4262 ex
1016 4199 1184 4263 bibliothe-

336 4333 384 4356 k...
