3075 4825
263 357 305 414 Vl
440 350 686 417 tttutttttffls
715 352 889 413 utentum
920 350 1160 413 PRAEFATIO.

265 508 341 585 dici
368 507 595 597 defuerunt,
626 504 748 581 codici
782 504 944 582 debetur
972 506 1158 609 pleniori,
1195 504 1343 585 homini

262 659 407 727 autem,
440 638 510 715 nisi
537 639 670 722 fallor,
698 642 863 721 Veneto,
889 638 1046 728 clerico,
1072 638 1200 715 Latini
1222 665 1341 743 quam

261 791 331 848 aut
351 772 487 849 Graeci
523 790 592 847 ant
614 771 673 845 sui
702 771 886 845 sermonis
909 772 1104 874 peritioni,
1127 773 1158 847 si
1183 772 1342 876 quidem

260 908 497 979 Venetorum
525 904 583 977 vel
609 901 700 977 civis
725 903 782 977 vel
815 903 933 978 cliens
955 903 1075 979 fuerit
1099 930 1243 982 necesse
1268 928 1340 996 est,

258 1037 330 1137 qui
369 1038 551 1113 Senatum
589 1035 859 1139 Populumque
898 1036 1091 1112 Venatum
1138 1064 1341 1141 nunquam

259 1168 332 1242 nisi
359 1166 736 1244 honorificentissime
760 1168 947 1271 appellat,
985 1168 1113 1272 turpia
1138 1171 1220 1245 eins
1242 1170 1341 1247 facta

259 1318 327 1375 aut
357 1300 442 1375 silet
474 1317 544 1374 aut
575 1299 748 1375 oratione
775 1299 867 1401 tegit
896 1295 1067 1403 (p450),
1101 1304 1342 1404 magistratus

258 1432 388 1510 Ducae
425 1431 550 1507 obiter
581 1449 807 1507 memoratos
840 1429 977 1507 diserte
1002 1434 1178 1510 nominat
1200 1432 1338 1529 (408),

258 1563 527 1639 Genuensibus
562 1560 756 1639 maledicit
788 1559 920 1664 (432),
947 1563 1117 1639 sacerdos
1147 1583 1276 1641 autem
1302 1584 1341 1641 et

259 1695 389 1771 bibliis
400 1694 544 1769 Latinis
568 1692 755 1784 assiduus,
779 1695 849 1796 qui
871 1695 1074 1771 sententias
1098 1694 1189 1770 inde
1213 1694 1339 1774 decet·-

246 1846 341 1932 ·ptas
365 1828 467 1902 ultra
490 1826 648 1905 modum
670 1824 852 1932 producit
874 1846 913 1903 et
935 1843 1146 1903 sermonem
1159 1829 1338 1905 Italicum

135 2034 143 2058 ,
258 1961 403 2036 Latinis
435 1958 599 2035 subinde
632 1959 829 2065 particulis
851 1976 891 2034 et
922 1958 1182 2036 locutionibus
1206 1960 1340 2037 distin-

258 2094 352 2195 guit.
385 2092 488 2167 idem
513 2094 544 2168 si
569 2094 712 2168 Graece
743 2111 782 2168 et
805 2092 936 2169 Italico
962 2092 1081 2197 probe
1106 2110 1245 2184 nosset,
1268 2119 1339 2172 nec

261 2244 317 2301 tot
349 2228 449 2303 locos
477 2244 546 2305 aut
582 2252 696 2331 prave
720 2226 920 2329 accepisset
950 2238 1020 2300 aut
1050 2225 1260 2300 ridiculum
1294 2228 1338 2303 in

260 2356 418 2434 modum
450 2360 686 2462 pervertisset
710 2356 811 2454 (vide
841 2356 954 2432 modo
980 2384 1017 2461 p.
1044 2362 1119 2456 446
1148 2372 1189 2432 et
1220 2355 1338 2454 508),

260 2519 330 2566 nce
362 2491 499 2566 Graeci
531 2492 754 2596 exemplaris
789 2491 1007 2567 barbariem
1040 2491 1117 2567 suis
1140 2490 1340 2571 idiotismis

258 2642 459 2728 aequasset.

406 2755 522 2836 scrib.
550 2755 717 2838 Berolini
744 2755 908 2830 td.1un.
934 2783 967 2832 a.
997 2761 1099 2837 1833.
