3075 4825
354 173 438 276 504
551 280 555 290 ι
714 198 855 264 nnean
889 195 1082 260 aaroni

352 355 484 418 al'anno.
506 363 538 416 et
554 353 655 436 prima
666 373 780 450 pagara
793 354 852 414 tria
865 351 949 413 miiia
967 350 1157 416 numismata.
1176 351 1404 414 normannnis

351 459 550 501 summavano
572 437 676 498 drinau
695 445 846 518 quaranta
868 437 951 496 milia
967 435 1038 517 ogni
1059 455 1148 496 anno.
1191 433 1303 494 Aiiiora
1320 435 1348 496 io
1362 457 1404 496 ve.

351 525 425 584 atito
453 521 484 581 el
515 519 618 581 duciae
651 519 689 581 de
709 519 810 580 Lesbo
836 518 876 579 de
899 529 982 580 vesta
1003 517 1137 579 d'oro'et
1159 518 1212 577 noi
1230 517 1269 578 de
1286 531 1362 578 resta
1377 519 1406 578 de

353 603 482 665 veiinto.
523 605 566 665 Et
591 602 671 662 facta
701 598 731 661 la
762 601 914 681 scriptura
935 622 992 662 con
1025 612 1227 673 sacramento,
1247 601 1405 680 togiinrsino

354 688 509 749 conbiato.
541 687 575 746 in
595 685 696 766 spatio
717 685 755 744 de
782 685 866 744 zorni
887 685 978 746 xllll
998 684 1178 746 zonzessimn
1202 682 1261 744 alla
1280 682 1406 744 insuiade

293 777 341 831 ³31
355 771 478 847 Lesbo,
497 767 709 850 ringratiando
738 765 906 828 l'nltisaimo
935 767 985 828 dio
1007 767 1122 828 chene
1145 768 1241 828 haren
1262 765 1406 826 deliber-an

352 855 393 916 de
416 873 505 914 mnne
529 851 579 913 dei
598 851 758 911 demonio.
802 851 905 911 Havea
925 847 954 910 el
975 860 1110 932 tyranno
1134 851 1214 912 facto
1236 847 1408 930 apparerhia·

353 957 389 996 re
410 958 473 996 una
496 943 615 996 armata
636 933 675 994 de
690 935 753 992 XX
772 933 850 1014 gniie
870 943 900 994 et
920 933 1056 1008 iudex,
1079 933 1117 996 de
1138 933 1168 994 la
1187 931 1276 1016 quale
1294 931 1354 992 fece
1370 953 1407 990 ea·

352 1022 476 1100 pitanen
493 1018 622 1092 Zenusi‚
644 1037 758 1076 novans
779 1016 882 1093 helio,
911 1027 1029 1077 assueto
1050 1017 1079 1078 ai
1100 1038 1183 1078 mare
1203 1027 1235 1076 et
1253 1012 1408 1089 Latino,de

352 1101 477 1162 natione
504 1101 660 1181 Hispano,
680 1099 770 1160 homo
793 1097 888 1160 molto
920 1099 1070 1160 valoroso.
1088 1121 1142 1161 era
1159 1099 1255 1161 anche
1273 1096 1407 1179 capitaneo

354 1185 395 1244 de
416 1182 548 1265 Galipoii
570 1193 600 1243 et
622 1183 737 1263 grande
757 1181 951 1243 comestaiaile
981 1181 1060 1244 della
1082 1193 1208 1246 annana.
1249 1181 1358 1242 Partito
1371 1177 1408 1238 dal

354 1265 571 1347 Hellesponto,
610 1265 783 1345 navigando
805 1286 865 1326 con
895 1264 1030 1326 i'armata
1051 1275 1159 1328 contra
1182 1265 1278 1340 Asin,
1298 1281 1408 1324 rennes

354 1349 465 1410 Troia.
499 1348 582 1410 onde
608 1348 757 1430 pariendo
791 1346 868 1408 nolle
897 1349 966 1410 vele
1001 1349 1108 1430 piene,
1144 1347 1165 1409 li
1195 1346 1317 1408 sonnino
1334 1346 1409 1406 bnon

356 1431 492 1512 spirante
510 1453 567 1492 non
590 1440 676 1491 tanto
698 1431 816 1492 rabiosa
839 1429 970 1507 boucha,
988 1431 1045 1492 ohe
1064 1452 1120 1514 per
1140 1431 1221 1492 forna
1244 1429 1266 1490 li
1289 1429 1409 1490 merendi

353 1533 547 1575 eonvennero
562 1513 698 1574 cambiar
717 1513 862 1590 eamin03
888 1525 918 1575 et
936 1513 975 1575 da
988 1525 1072 1576 tanta
1088 1515 1212 1575 fortuna
1229 1513 1410 1574 forononan-

354 1595 456 1656 batuii
469 1594 527 1655 eise
538 1595 577 1658 de
591 1597 669 1656 vinti
683 1595 759 1657 suste
778 1605 810 1656 et
827 1595 906 1678 gaiis
920 1597 1032 1680 zinque
1047 1619 1085 1660 ne
1099 1597 1226 1658 absorse
1242 1595 1270 1656 ei
1289 1615 1371 1666 mare,
1387 1599 1410 1652 ei

355 1677 408 1738 dni
431 1688 623 1760 rompetteno
639 1682 671 1740 in
695 1679 717 1741 li
740 1678 835 1741 vicini
851 1678 909 1740 liri.
932 1678 972 1742 El
992 1702 1067 1762 gran
1089 1677 1285 1742 comestabile
1302 1677 1410 1749 eard,

355 1760 453 1903 probo
481 1763 513 1822 in
537 1783 621 1821 mare
639 1773 670 1824 et
700 1773 820 1823 assueto
841 1763 970 1824 asimile
988 1760 1135 1845 praeside,
1161 1761 1306 1824 sulcando
1323 1758 1348 1821 el
1364 1757 1410 1840 pie·

370 1864 428 1925 ago
456 1852 505 1904 tra
539 1842 568 1905 ie
597 1843 749 1907 horribile
784 1846 864 1906 onde
897 1847 973 1906 ooiia
1003 1845 1135 1908 sectanda
1153 1843 1203 1908 del
1232 1855 1321 1906 vento
1337 1837 1410 1904 nicol

356 1947 493 2006 governo
521 1926 570 1988 del
601 1937 745 2006 temone,
772 1949 874 1990 scursa
897 1939 928 1990 et
970 1928 1036 1990 assi)
1067 1928 1184 1990 l'insula
1204 1927 1247 1988 de
1266 1927 1336 1986 Chio
1353 1921 1411 1984 dalla

357 2018 448 2090 parte
476 2009 515 2072 de
544 2011 693 2076 Ponente.
723 2022 754 2072 et
775 2010 925 2092 passando
945 1950 973 2072 ii
992 2009 1089 2073 insule
1110 2010 1236 2072 Ciolade
1257 2009 1284 2071 el
1303 2009 1331 2070 d.
1352 2003 1411 2068 etis

358 2104 451 2153 noete
469 2093 674 2168 consonano,
700 2093 730 2155 la
750 2096 863 2156 matina
883 2106 1026 2177 sequente
1046 2096 1078 2156 in
1099 2095 1249 2156 bonaoeia
1269 2114 1300 2154 se
1318 2107 1412 2173 prum·

356 2183 447 2236 taron
467 2197 486 2236 a
506 2174 584 2237 Chio
616 2175 696 2238 delia
727 2187 818 2258 parte
844 2177 881 2238 de
899 2179 987 2254 an3
1017 2176 1278 2261 recognosoiando
1295 2177 1321 2236 la
1339 2169 1411 2234 iunia

359 2259 534 2319 rendarono
617 2261 661 2320 tie
696 2283 715 2322 a
734 2259 786 2322 dio
809 2269 839 2324 et
862 2261 891 2322 al
911 2283 968 2322 suo
988 2260 1141 2344 propheta
1161 2257 1362 2320 Machameth·
1392 2253 1412 2310 0

357 2341 538 2421 profundite
581 2341 631 2402 elli
652 2342 756 2404 iudicii
777 2343 814 2404 de
835 2343 899 2421 din,
923 2365 1012 2406 nome
1032 2365 1093 2405 non
1114 2344 1145 2405 so
1160 2343 1318 2404 submersa
1336 2334 1412 2423 qualia

299 2424 438 2501 angnia
458 2424 625 2486 exacrabiia
647 2427 678 2487 in
700 2438 785 2488 tanta
805 2428 929 2491 fortuna
958 2428 996 2489 de
1016 2449 1111 2489 mare.
1153 2428 1205 2487 Ma
1231 2428 1264 2487 fo
1282 2414 1412 2487 saianoel

360 2504 514 2585 discipulo
541 2506 591 2566 dei
618 2515 750 2589 tyranno
777 2530 833 2591 per
858 2510 880 2571 li
905 2510 1001 2573 nostri
1029 2512 1155 2593 peccati.
1198 2510 1313 2571 Genusi
1331 2500 1413 2567 conia

359 2607 413 2646 sna
435 2584 501 2647 sola
521 2589 600 2669 galia
625 2592 759 2651 tenendo
789 2593 817 2653 la
840 2596 888 2653 via
908 2593 957 2654 dei
978 2594 1057 2675 pieia
1080 2616 1099 2655 o
1116 2616 1149 2655 se
1168 2593 1276 2673 separii
1297 2588 1367 2652 dariis
1381 2581 1413 2643 ai·

359 2676 424 2744 ire,
446 2680 478 2730 et
501 2670 632 2733 salamae
657 2673 717 2733 alia
740 2676 838 2736 insuia
869 2675 907 2736 de
928 2678 1019 2737 Chio.
1096 2688 1177 2737 resto
1200 2676 1232 2736 so
1254 2675 1361 2736 salvato
1378 2661 1413 2725 nd

359 2764 453 2832 porto
474 2752 513 2813 de
531 2755 686 2815 Meteiino.
729 2756 770 2817 Et
793 2759 978 2821 domandato
999 2759 1048 2819 del
1063 2781 1119 2820 sun
1140 2758 1317 2838 capitaneo,
1336 2756 1413 2813 iuiffl·

358 2833 464 2895 dendo
483 2836 540 2897 che
560 2856 622 2898 non
641 2839 673 2898 so
692 2841 770 2901 visio
790 2842 822 2900 in
867 2842 947 2904 uelle
966 2862 1070 2923 acque,
1084 2863 1257 2923 pensarono
1275 2836 1345 2901 ch'sl
1361 2835 1414 2893 fo&

359 2918 458 2995 perito
490 2922 523 2979 in
553 2941 648 2981 niara.
679 2862 890 3003 regnandoia
917 2946 984 2986 sera
1009 2924 1111 2986 s'ebhe
1132 2928 1211 2985 vista
1232 2923 1271 2985 de
1288 2940 1343 2981 nna
1357 2917 1414 2977 ΜΔ

360 2997 418 3058 che
443 3004 553 3062 renisa
584 3004 625 3065 da
649 3005 812 3082 Metelino,
847 3007 991 3068 mandata
1018 3006 1069 3069 dal
1100 3007 1187 3069 iiatel
1219 3005 1270 3067 del
1291 3001 1378 3064 duda
1394 3016 1414 3053 ¹³

361 3082 437 3143 Asin
468 3084 506 3144 nd
527 3088 630 3165 spiare
662 3087 789 3149 sedulle
817 3102 905 3171 parte
933 3092 1058 3172 Esperie
1085 3092 1200 3154 inssino
1227 3100 1335 3150 venale
1358 3098 1415 3142 aare

362 3162 508 3243 &talene
534 3168 577 3230 de
593 3174 732 3247 narrari,
764 3182 794 3233 et
816 3184 923 3254 questo
945 3196 1000 3255 per
1019 3174 1113 3235 dnrne
1134 3177 1239 3235 avviso
1261 3172 1311 3232 aiii
1330 3167 1368 3227 soi
1383 3164 1414 3221 vi-

362 3248 424 3306 cini
445 3247 558 3309 subditi
591 3252 631 3311 de
650 3252 788 3331 Tarchi,
821 3257 933 3335 perche
978 3268 1062 3319 uesta
1085 3257 1208 3339 angaria
1229 3266 1259 3316 et
1278 3248 1378 3315 setrid
1392 3244 1414 3303 io

362 3329 530 3425 dap-rinei
555 3334 584 3391 io
613 3338 743 3417 imposta
769 3339 797 3397 ai
819 3340 918 3401 Lesbi.
956 3280 1041 3403 ‘iion
1064 3340 1205 3421 dagnndo
1226 3339 1327 3397 arrian
1345 3326 1414 3419 alifi}

363 3422 462 3473 nitinn
492 3414 511 3473 d
568 3419 657 3477 venir
686 3420 717 3479 di
746 3424 879 3497 cursari,
905 3426 977 3503 ogni
1007 3424 1121 3483 dmnno
1137 3422 1195 3483 ebe
1214 3407 1412 3482 recevessml*

361 3494 484 3555 finitimi
504 3501 672 3561 eonveniva
692 3524 787 3583 pagar
809 3501 830 3563 ii
852 3505 953 3565 Lesbi.
965 3506 1002 3563 Li
1020 3508 1139 3567 finitimi
1164 3514 1335 3565 veramente
1352 3496 1413 3556 som·

360 3594 403 3633 no
424 3578 475 3637 dai
496 3579 586 3640 fiume
605 3582 773 3663 Pergameo
802 3586 833 3645 in
857 3586 917 3647 iine
939 3586 999 3647 aila
1017 3590 1077 3649 nita
1098 3590 1165 3648 Asu
1183 3588 1266 3647 dicta
1285 3574 1413 3644 Marruui-

362 3677 414 3719 ου.
456 3662 594 3723 Essendo
620 3665 730 3726 intrata
752 3688 815 3728 nna
844 3670 923 3731 fassa
944 3668 993 3729 nei
1011 3682 1107 3753 porto
1132 3670 1171 3730 de
1191 3667 1338 3741 Mindius,
1355 3676 1412 3741 po⁰⁰

363 3736 455 3817 dapoi
489 3743 522 3803 fo
553 3751 630 3807 vista
663 3746 793 3811 nn'altra
824 3750 880 3812 ohe
911 3752 1008 3813 havea
1028 3753 1057 3814 ia
1076 3751 1145 3815 veie
1166 3752 1272 3833 larghe
1291 3761 1318 3808 at
1334 3740 1411 3805 maie·

362 3818 456 3882 Onde
476 3824 506 3885 ie
524 3826 605 3906 galis
626 3831 818 3894 Turchesche
845 3856 878 3895 se
898 3834 1102 3919 alegrnrouo,
1133 3832 1354 3917 recognoscinio
1370 3818 1412 3881 de

363 3900 432 4000 '‘¹‘3
465 3905 495 3965 la
516 3909 597 3989 galia
630 3914 677 3972 dai
700 3936 754 3975 suo
786 3918 947 3996 capitanio.
980 3920 1094 3981 intrata
1120 3920 1263 4000 adunque
1281 3918 1310 3975 in
1328 3916 1410 3991 pori⁰r

363 3977 445 4076 θροῦ.
466 3986 495 4045 ei
523 4011 579 4051 sno
600 3995 776 4078 pavigiione
809 4002 840 4057 in
863 4013 947 4061 terra
969 4023 1023 4081 per
1042 4004 1098 4062 dar
1119 4006 1223 4083 riposo
1244 4002 1270 4059 ai
1291 3993 1365 4073 corpi
1379 3986 1411 4045 fa·

302 4064 447 4123 naarai
468 4078 499 4127 et
516 4077 630 4139 machi
650 4102 705 4163 per
724 4080 754 4142 la
773 4082 890 4165 grande
910 4084 1047 4147 fortuna.
1075 4084 1181 4147 Ninnio
1205 4079 1351 4153 Caieluso,
1366 4070 1409 4132 [Ψ
