3075 4825
335 294 493 362 tracter,
521 296 769 362 rnrearnern
798 297 985 364 saccaro.
1125 277 1212 395 487

137 469 266 522 cereno,
292 449 408 512 benene
444 449 473 510 la
502 471 605 512 maior
636 460 723 531 parte
744 450 783 513 do
805 454 906 534 quelle
928 453 1068 517 horeeno
1090 457 1214 539 pcrsluti

137 533 158 590 li
181 533 222 592 soi
248 533 373 614 patroni
396 536 428 592 in
451 533 594 601 laterna.
636 533 760 596 Grande
781 537 989 618 compassione
1002 550 1033 599 et
1054 540 1214 624 conloglio

136 616 166 674 l'o
188 615 223 674 ad
247 616 358 676 vedere
384 617 433 676 nel
453 615 508 678 lito
530 615 578 678 del
598 627 690 698 porto
709 618 738 677 le
759 620 878 698 grande
899 621 1068 701 frequentin
1088 635 1119 684 et
1139 646 1215 686 con·

135 719 217 758 corso
237 699 276 758 de
296 698 415 760 homini
438 701 528 761 etde
549 699 679 775 femine,
711 701 833 762 caloieri
854 714 885 762 et
905 705 1048 785 calogree
1060 749 1070 781 ,
1088 706 1146 766 che
1167 709 1214 790 pi·

135 783 282 862 angivano
301 791 333 842 et
352 781 392 844 ad
412 781 474 844 elta
495 804 569 844 voce
599 782 812 865 percolendosi
842 784 871 847 el
892 797 982 866 pecto
1014 786 1214 852 chiamavano

135 863 228 946 quelli
248 863 327 924 dalle
357 885 454 945 nave,
487 865 640 928 dicendos
661 887 682 926 o
702 865 774 926 boni
796 867 962 928 Christiani
983 870 1137 951 Franclri,
1158 894 1216 956 per

101 1023 103 1028 Ι
135 967 220 1008 amor
243 947 282 1010 de
303 947 422 1010 Christo
457 962 593 1012 recevete
621 951 673 1010 noi
692 948 856 1011 Christiani
889 953 922 1013 in
946 952 975 1014 le
996 964 1098 1014 vostre
1118 975 1214 1033 nave3

131 1040 276 1092 mentone
296 1029 375 1092 dalle
395 1053 484 1093 mane
504 1031 541 1094 de
560 1034 640 1094 cani.
686 1034 737 1092 Me
762 1055 824 1092 non
846 1056 898 1096 era
918 1034 1081 1118 possibile,
1102 1039 1215 1120 perche

132 1111 160 1171 ln
181 1113 285 1174 divina
306 1115 420 1176 iustitia
442 1115 530 1177 laevia
552 1117 584 1176 ze
604 1116 678 1176 fatto
704 1114 732 1174 la
747 1118 898 1178 sententia
920 1119 1133 1197 inrevocabile,
1157 1120 1217 1182 che

132 1197 202 1256 tutti
223 1197 345 1258 bevesse
367 1195 394 1259 el
416 1197 509 1260 calice
522 1203 611 1280 pieno
633 1200 700 1260 dola
724 1199 768 1258 ira
787 1199 825 1259 de
846 1200 906 1260 dio.
945 1203 989 1262 Et
1008 1213 1114 1280 certe,
1134 1223 1168 1263 se
1187 1200 1217 1264 le

131 1297 209 1339 neve
229 1279 249 1340 li
273 1278 396 1342 hevesse
422 1281 529 1344 voluto
551 1282 668 1359 levare,
700 1281 763 1342 non
797 1281 961 1346 heverinno
986 1285 1124 1366 poduto‚
1144 1305 1217 1368 per.

133 1360 189 1421 che
209 1363 248 1422 acl
269 1383 348 1443 pena
371 1363 512 1426 hebbeno
532 1375 634 1447 tempo
664 1375 696 1426 et
712 1364 779 1426 loco
802 1363 842 1425 ed
863 1387 1002 1449 scempor
1022 1369 1051 1429 le
1069 1390 1125 1429 sue
1144 1389 1218 1451 per·

131 1463 217 1504 sone.
241 1447 283 1507 Et
302 1467 334 1506 se
355 1446 377 1506 li
393 1448 507 1509 Tinclsi
528 1469 590 1508 non
613 1448 779 1509 havesseno
803 1449 913 1510 lassato
934 1448 964 1511 le
985 1471 1039 1511 soe
1060 1452 1138 1532 galie
1157 1471 1218 1532 pet·

132 1525 228 1588 nodat·
248 1528 287 1590 ed
323 1530 435 1590 rabber
455 1531 486 1592 la
505 1542 608 1607 terra,
637 1531 668 1592 di
690 1531 791 1591 Latini
812 1535 938 1594 nissuno
957 1536 1034 1596 serie
1055 1545 1218 1615 scampato.

131 1607 287 1674 Lasaando
318 1612 461 1696 adunque
489 1612 650 1676 liTurchi
688 1611 716 1674 le
736 1635 790 1676 sue
810 1613 908 1698 geliic,
931 1616 953 1676 li
975 1615 1109 1678 Frenolri
1129 1636 1219 1678 vern·

132 1705 232 1755 niente
253 1716 310 1778 per
330 1696 434 1779 quella
453 1699 613 1760 occasione
639 1699 796 1758 usseirono
811 1697 861 1759 del
882 1708 985 1780 porto.
1025 1699 1064 1762 El
1084 1699 1217 1760 barbaro

132 1776 279 1855 crudele,
312 1779 451 1840 vedendo
480 1780 511 1841 la
539 1781 611 1865 suga
644 1779 724 1842 delle
743 1802 843 1857 nave,
864 1781 903 1842 de
924 1783 971 1842 ira
1002 1783 1089 1844 etde
1108 1783 1220 1845 dolore

131 1862 266 1921 eoactiva
286 1858 308 1920 li
338 1860 434 1922 denti.
464 1863 557 1944 quelli
585 1863 625 1924 de
649 1862 756 1924 Galata
777 1863 849 1923 tutti
871 1884 929 1924 eon
951 1863 1125 1925 festinantia
1149 1885 1219 1926 eor·-

133 1941 242 2003 rivano
264 1941 304 2004 ali
325 1942 392 2021 liti,
413 1944 609 2026 procurando
626 1947 740 2007 barche
760 1967 817 2026 per
837 1945 936 2007 andar
955 1946 1014 2007 elle
1035 1968 1134 2024 aere,
1155 1946 1218 2008 les·

132 2024 228 2084 sendo
258 2025 285 2086 le
311 2028 434 2108 proprie
459 2050 529 2090 case
553 2049 609 2090 con
639 2029 669 2090 le
690 2027 887 2109 supellectile.
934 2029 978 2089 Et
996 2031 1085 2091 molti
1105 2050 1165 2110 per
1187 2031 1218 2090 la

132 2103 306 2187 improvida
325 2109 498 2172 festinantia
518 2113 674 2172 lassaveno
697 2111 813 2172 endere
831 2110 853 2170 li
869 2111 913 2172 soi
932 2112 1046 2174 thesori
1064 2112 1094 2172 al
1108 2111 1215 2173 londo.

132 2187 169 2248 ln
189 2189 294 2272 quella
326 2193 407 2253 volta
438 2195 540 2256 errivo
560 2196 604 2254 Ze
624 2193 754 2268 anobei,
789 2197 937 2276 messngio
959 2194 1008 2255 del
1032 2193 1133 2256 (locha
1152 2195 1279 2272 Mem

134 2270 298 2348 olremeth,
335 2277 432 2338 molto
451 2288 554 2339 amato
573 2216 624 2338 dal
646 2276 747 2338 ducha
769 2299 825 2359 per
846 2298 927 2337 esser
947 2277 991 2337 lui
1014 2287 1094 2338 stato
1113 2285 1221 2337 auctor

133 2366 163 2415 et
184 2357 343 2421 consultor
369 2357 408 2421 de
442 2359 542 2443 quello
578 2381 701 2444 guerra.
731 2371 763 2422 et
795 2357 966 2421 arrirando
996 2359 1176 2421 chiamavat
1198 2381 1219 2421 o

133 2438 299 2519 Galatani‚
321 2464 384 2503 non
406 2444 513 2525 fugite,
538 2443 687 2526 giurendo
707 2466 762 2525 per
784 2444 813 2505 la
836 2454 913 2505 testa
936 2443 987 2504 del
1010 2453 1142 2527 tyram
1161 2440 1221 2504 clre

132 2540 196 2582 non
218 2524 356 2587 lraveano
380 2525 486 2586 alcuna
508 2548 604 2587 coxon
627 2528 664 2587 de
683 2526 791 2609 iargire,
816 2536 848 2588 et
867 2527 925 2587 ebe
939 2525 1010 2586 loro
1029 2546 1123 2587 erano
1141 2526 1220 2585 arni·

131 2604 158 2663 ci
179 2606 230 2668 del
252 2630 310 2669 suo
342 2610 464 2691 signer,
499 2620 531 2675 et
564 2610 766 2671 habitaranno
789 2611 817 2670 la
840 2612 899 2671 cita
917 2630 1006 2669 senza
1026 2607 1158 2690 oltrngio
1179 2605 1220 2669 dc

131 2684 226 2753 horno
250 2690 299 2752 del
322 2692 462 2770 mundo,
492 2705 522 2754 et
544 2693 687 2775 megliore
709 2693 888 2753 conditione
910 2691 1066 2753 haverano
1086 2690 1137 2751 dal
1157 2689 1220 2750 dn·

130 2767 187 2831 elta
217 2774 276 2836 che
304 2795 367 2835 non
396 2777 532 2837 haveano
564 2776 680 2837 havnto
708 2774 978 2857 dnl'imperadore3
1007 2783 1039 2835 et
1071 2772 1130 2836 che
1154 2794 1218 2869 non

130 2849 257 2927 havesse
271 2878 344 2917 carra
365 2858 502 2920 ‹l'alenna
522 2858 707 2937 elisacense,
730 2858 858 2919 asoch’el
880 2857 981 2919 ducta
999 2878 1060 2917 non
1082 2876 1114 2917 se
1134 2855 1219 2915 adare

129 2951 242 3003 contro
266 2940 304 3000 de
325 2940 399 3003 loro.
440 2943 501 3002 Per·
519 2954 622 3023 queste
642 2942 748 3023 parole
768 2941 808 3001 de
828 2940 1002 3021 Zaganobei
1024 2940 1033 3001 i
1056 2937 1157 2999 Latini
1178 2936 1220 2997 de
1277 2964 1280 2968 ·

130 3021 261 3096 Galata,
285 3024 305 3083 li
328 3024 411 3106 quali
434 3046 498 3086 non
520 3026 660 3087 hebbeno
692 3022 819 3085 habilitit
840 3026 879 3083 da
900 3024 1034 3103 partire,
1056 3023 1219 3084 almanno.

130 3098 150 3159 ll
172 3104 246 3167 altri
267 3106 323 3167 che
344 3107 458 3168 forono
478 3109 531 3188 plia
543 3108 705 3169 -festinanti
727 3130 746 3168 a
769 3107 874 3187 fugire,
898 3103 993 3187 quelli
1017 3122 1219 3198 scamparono

129 3202 185 3247 con
206 3190 237 3251 le
260 3210 348 3267 nare
377 3191 397 3251 li
423 3194 525 3250 miseri
548 3189 716 3271 disgratiati
744 3190 801 3250 che
822 3210 877 3270 per
896 3209 951 3247 sua
972 3188 1052 3247 mola
1070 3197 1152 3247 sorte
1174 3206 1220 3245 rt·

129 3286 275 3348 masen03
309 3272 387 3333 lacto
414 3284 463 3333 tra
499 3272 565 3333 loro
584 3273 613 3333 el
637 3272 759 3333 dolente
789 3268 965 3351 conseglio‚
987 3271 1147 3331 andarono
1168 3266 1220 3328 col

129 3356 508 3501 tltt‘tll‘ltlttlll
526 3354 591 3499 ‘¹‘ss
611 3349 1219 3517 ltttttttttlltglttttttltlt

130 3516 211 3582 della
236 3533 330 3583 terra.
353 3464 525 3583 Phumitiaoi
557 3522 585 3582 la
610 3520 752 3601 superbio
781 3520 829 3580 del
860 3520 1030 3591 vincitorc‚
1063 3539 1125 3577 con
1145 3518 1219 3574 licto

131 3603 197 3662 viso
215 3616 245 3665 et
265 3605 352 3665 dolce
386 3608 488 3687 parole
512 3606 623 3666 lorono
641 3604 797 3664 licentiati.
841 3602 959 3685 Ciaque
978 3622 1057 3661 nare
1078 3596 1217 3680 grande,

132 3678 160 3741 le
183 3687 275 3767 quale
296 3708 392 3749 erano
423 3690 519 3748 uenite
537 3687 586 3747 del
607 3696 723 3770 porto,
745 3705 834 3767 sopra
858 3684 887 3746 le
906 3684 996 3767 ‹puale
1017 3704 1111 3743 erano
1129 3700 1218 3773 mon:

131 3770 186 3828 tati
209 3768 229 3829 li
257 3774 378 3851 patroni
400 3770 478 3832 delle
500 3769 577 3831 altre
608 3792 686 3831 nave
705 3770 762 3831 ohe
782 3789 875 3831 erano
896 3788 1031 3844 temese,
1053 3785 1114 3824 con
1132 3772 1219 3823 venti

131 3854 254 3915 secundi
276 3854 466 3934 navigavono
489 3874 577 3915 verso
601 3853 697 3919 ltalia.
718 3852 756 3913 El
776 3852 966 3913 simelmente
986 3847 1015 3909 le
1034 3844 1113 3930 galie
1132 3866 1219 3927 geos·

133 3950 166 3990 se
180 3936 219 3997 de
242 3938 410 3998 rnercentia
433 3938 622 4014 Venetione,
654 3939 748 3998 nsoita
778 3934 827 3996 del
847 3946 943 4016 porto
961 3931 1110 4026 napignva
1128 3936 1281 4027 versospt

133 4032 292 4105 ponente,
322 4022 392 4081 tutti
418 4020 585 4101 pianzendo
613 4029 645 4079 et
664 4017 846 4115 suspirando
867 4015 898 4076 lo
920 4014 1043 4109 excidio·
1057 4010 1138 4111 della
1159 4012 1220 4072 ott

133 4102 755 4250 {little¹ttttlt„¹t³l⁸t?⁰1·ltttlt
774 4096 1116 4260 iaiiie‘s‘sii'iiii
1135 4096 1220 4239 llll
