3075 4825
308 288 467 404 iratior
496 338 750 408 lanariam
778 336 967 406 inostro.
1094 312 1179 416 483

104 504 179 552 terra
210 495 431 574 soognnscintn.
485 493 620 569 Ersenilo
644 496 747 554 intrati
778 491 797 554 li
818 493 934 554 anolii
956 493 986 553 in
1006 491 1183 554 Constanti·

104 577 205 656 aopoli
221 597 280 637 eon
301 578 419 658 pariliter
447 577 486 637 ilo
505 573 554 636 oo
569 577 686 636 homini
706 577 901 655 solamento,
923 577 945 638 li
965 577 1048 659 quali
1072 579 1182 640 fornae

102 663 221 720 amarati
244 663 276 721 ‘m
300 662 330 727 lo
348 665 479 736 intrato,
503 660 612 741 perolio
631 660 665 720 fo
685 657 783 720 l'horn
801 660 899 742 prima
919 659 959 720 do
979 681 1075 722 sorno
1086 709 1095 739 ,
1117 683 1181 724 non

99 763 150 802 era
167 744 303 805 anchora
323 763 473 824 apparere
491 745 521 804 el
539 745 602 804 sole
624 765 718 824 sopra
749 742 777 802 la
799 753 890 804 terra.
932 743 1020 804 Tutti
1041 765 1073 806 se
1094 765 1182 826 spor·

98 845 168 886 reno
186 847 244 908 per
265 827 294 888 lo
317 827 428 904 oitade,
449 825 614 886 nmorando
635 829 725 886 Greci
745 837 775 885 et
797 825 909 898 Latini,
934 829 1040 908 quanti
1059 848 1097 888 ne
1119 839 1184 890 tro·

98 929 230 976 vareno.
263 912 375 971 forono
404 912 531 970 nmazati
551 912 631 970 oiroa
652 910 705 972 doi
729 910 810 970 milio
829 909 947 970 homini
970 908 1007 970 dn
1028 909 1182 994 lintagliap

98 1001 126 1052 ot
145 993 244 1074 questi
278 994 388 1054 sorooo
418 993 510 1054 morti
528 1013 581 1074 por
602 1013 715 1074 paura,
738 992 850 1074 peroli'e
870 991 987 1056 Turolii
1008 1015 1182 1137 pensavano

98 1073 152 1134 olre
175 1075 206 1136 in
230 1076 258 1136 la
280 1087 364 1137 terro
385 1096 415 1138 se
437 1091 572 1138 trovosse
592 1077 648 1156 piis
668 1077 706 1136 de
724 1075 890 1160 eloquente
905 1075 989 1140 inilia
1031 1078 1126 1140 omini
1143 1079 1183 1140 ila

95 1177 206 1238 operer
228 1180 332 1220 armes
362 1159 419 1220 ohe
445 1179 477 1220 se
503 1179 645 1220 aveseeno
675 1170 787 1240 rapoto
817 1157 874 1220 ohe
905 1161 936 1220 io
959 1170 1037 1220 tulta
1058 1160 1086 1222 ln
1106 1164 1182 1226 oittli

97 1263 156 1302 non
177 1263 276 1303 erano
297 1243 353 1324 piis
374 1241 413 1304 de
442 1253 513 1302 ooto
532 1242 614 1303 milia
643 1241 761 1303 homini
784 1241 823 1304 da
845 1261 950 1320 orme,
973 1241 995 1304 li
1014 1242 1182 1308 haveriono

94 1324 199 1385 salvati
224 1329 293 1386 tutti
313 1325 421 1408 quanti
440 1347 494 1406 per
514 1324 647 1386 venderli
668 1347 725 1386 oon
744 1346 848 1387 maror
868 1347 923 1388 sun
941 1325 1092 1403 militarie,
1114 1350 1183 1410 per-

96 1406 153 1467 che
185 1420 293 1491 queste
323 1413 519 1492 generatione
548 1411 566 1468 i
593 1419 678 1470 tnoto
708 1408 798 1471 eride
827 1408 868 1472 de
894 1407 1027 1470 roboare
1053 1410 1129 1485 ohe,
1150 1434 1183 1474 ee

95 1491 200 1569 quello
224 1493 281 1552 elie
301 1491 322 1551 li
349 1493 463 1553 henorii
482 1503 619 1554 amomo
639 1492 667 1553 el
688 1503 785 1573 petre,
798 1491 819 1552 li
839 1491 960 1574 capiere
981 1492 1011 1553 in
1033 1491 1060 1552 le
1081 1517 1182 1574 mane,

94 1573 121 1630 el
143 1574 212 1634 foria
236 1573 331 1637 libero
361 1597 418 1656 per
435 1576 546 1636 dinori.
587 1577 629 1636 Et
646 1576 678 1635 io
695 1575 826 1657 scriptor
845 1575 886 1636 ho
908 1573 1033 1658 perlato
1053 1579 1103 1657 poi
1125 1599 1182 1640 oon

94 1657 179 1716 molti
203 1657 242 1718 de
264 1659 311 1720 lor
331 1658 389 1720 elie
408 1679 440 1720 se
460 1669 623 1720 trevereno
645 1657 673 1718 nl
700 1659 866 1732 conflicto,
887 1657 909 1718 li
931 1658 1013 1741 quali
1037 1679 1085 1722 rae
1106 1661 1182 1722 linn-

95 1759 137 1799 oo
161 1740 235 1801 data
265 1744 373 1802 nolitia
407 1741 486 1802 dello
507 1744 627 1824 grande
656 1741 823 1804 formidine
857 1740 914 1802 olio
934 1741 1075 1803 liebbeno
1099 1747 1128 1803 in
1152 1743 1242 1806 leret

91 1823 195 1901 prima
221 1825 333 1886 intrato
354 1824 411 1886 ohe
433 1828 540 1887 feceno
561 1826 593 1886 io
614 1824 644 1884 la
665 1826 735 1890 cita.
756 1825 796 1885 de
815 1824 836 1884 li
851 1823 932 1884 servi
952 1824 1039 1886 electi
1060 1823 1109 1886 dei
1133 1837 1183 1910 ly·

89 1925 219 1975 ranno,
247 1908 304 1967 ohe
332 1929 364 1968 se
398 1907 562 1968 ohinmnno
582 1908 728 1978 ianitori,
756 1927 884 1968 oorseno
904 1905 1005 1968 alcuni
1029 1906 1058 1969 el
1080 1909 1184 1990 peleto

89 1984 277 2068 imperiale,
309 1989 411 2050 alcuni
433 1992 462 2051 al
491 1989 608 2071 grande
630 1989 817 2050 monasterio
838 1987 887 2048 del
905 1989 1078 2052 Prodromo
1103 2003 1133 2052 et
1154 1993 1184 2054 al

88 2073 283 2130 monasterio
313 2071 473 2148 decom,
508 2073 589 2133 dove
610 2094 661 2131 era
682 2082 761 2132 stota
783 2095 817 2133 re
925 2071 1082 2134 l’eoohona
1104 2071 1185 2136 delle
1266 2073 1269 2082 ’

87 2153 282 2214 inmaculata
312 2167 407 2216 matre
436 2157 475 2216 de
495 2155 557 2217 dio.
578 2176 599 2216 ο
628 2154 751 2237 lingue,
776 2177 796 2216 o
829 2154 917 2232 obri,
939 2155 997 2216 ohe
1017 2175 1075 2237 por
1095 2157 1115 2216 li
1139 2159 1184 2217 toi

86 2238 213 2318 peceati
236 2235 311 2298 inste
331 2239 478 2300 reservati
492 2259 548 2320 per
568 2239 668 2300 dovor
685 2237 756 2298 diro
770 2237 799 2298 le
820 2243 890 2298 cose
911 2240 1105 2300 introvonute
1125 2239 1184 2298 alla

88 2320 311 2380 odoratissima
339 2322 480 2382 anchona
506 2319 587 2382 della
616 2323 799 2392 intemerato
821 2342 966 2404 vergone.
1019 2321 1093 2382 Uno
1113 2321 1184 2382 ilelli

89 2403 199 2485 impii,
222 2405 396 2465 strinzendo
416 2403 507 2467 conlo
526 2405 641 2467 nefarie
668 2427 758 2465 mnne
779 2428 840 2466 unn
863 2426 984 2465 manare
1007 2414 1038 2465 el
1057 2405 1185 2467 olzando

88 2486 118 2547 la
140 2488 289 2562 broceio,
319 2489 410 2550 siesse
433 2489 724 2552 lenocinationes
747 2490 778 2547 in
802 2499 915 2569 quatro
936 2500 1042 2569 parto,
1067 2498 1099 2549 et
1120 2500 1184 2549 tra.

87 2580 137 2629 ote
159 2570 191 2633 le
212 2580 312 2649 sorte,
334 2571 537 2633 oiosoliednno
557 2572 635 2633 tolse
656 2572 684 2633 lo
705 2593 759 2633 sun
781 2582 867 2651 parte
890 2591 947 2631 oon
968 2568 1000 2633 lo
1021 2571 1135 2632 havere
1155 2583 1186 2632 et

86 2664 277 2715 ornamento
299 2654 356 2715 cire
380 2677 413 2715 so
433 2667 604 2717 trovavano
635 2658 665 2713 in
690 2654 800 2737 quelle.
842 2656 882 2715 Et
904 2653 1083 2715 similrnente
1103 2654 1185 2717 divi-

87 2758 160 2799 sero
184 2736 209 2798 li
235 2737 299 2797 vasi
318 2749 349 2799 ot
369 2738 473 2799 rioche
493 2737 690 2818 supellectilie
717 2737 768 2800 ilel
786 2736 978 2801 monasterio.
1002 2736 1112 2797 Alouni
1138 2740 1185 2797 in-

86 2828 226 2881 trarono
248 2822 278 2879 in
303 2819 379 2879 Casa
398 2819 445 2882 dol
478 2820 737 2901 prothostralorn,
760 2820 844 2883 onde
865 2821 1009 2901 topirono
1036 2818 1055 2879 li
1076 2820 1184 2901 grandi

87 2903 217 2965 thosori
247 2903 394 2964 reconditi
425 2904 498 2966 dalli
516 2906 646 2986 antiqui.
690 2905 731 2967 Et
746 2925 805 2964 oon
828 2902 851 2964 li
870 2904 984 2965 tliosori
1005 2904 1109 2963 hanno
1132 2924 1185 2963 ra-

87 2987 156 3066 pite
178 2988 211 3048 le
235 3006 378 3066 generose
407 2986 527 3060 donno,
550 2987 579 3049 le
608 2986 700 3069 qiialo
720 2991 750 3047 in
773 2986 874 3069 quella
893 2986 972 3046 hora
993 3006 1046 3065 per
1074 2984 1101 3045 ie
1121 2998 1184 3047 ste-

85 3072 182 3150 gione
214 3069 268 3129 ‹lol
301 3090 384 3129 mezo
415 3069 454 3130 ilo
476 3073 563 3129 Maro
593 3074 757 3131 altomonte
786 3071 980 3131 dormivano.
1010 3090 1030 3131 o
1061 3070 1184 3129 fortuna

85 3153 289 3214 miserando!
318 3174 338 3211 o
367 3172 437 3214 casu
471 3152 635 3213 horribile!
689 3152 851 3213 Vndevnse
887 3172 1011 3213 corroro
1041 3150 1063 3211 li
1084 3155 1185 3213 miseri

84 3237 200 3298 Ronrai
227 3256 284 3317 per
305 3234 335 3296 le
353 3235 454 3295 otrodo
474 3234 638 3315 sbigottiti‚
660 3256 678 3294 e
695 3239 817 3307 smorti‚
841 3234 922 3296 soriti
945 3245 976 3295 et
995 3256 1184 3316 sangueaon·

85 3325 132 3397 ti,
173 3318 368 3399 scainpando
388 3316 446 3378 alle
474 3320 600 3399 proprie
624 3338 695 3379 caso
714 3339 769 3399 per
791 3318 900 3379 vedere
921 3330 951 3377 ot
971 3318 1135 3379 abbrarare
1156 3320 1184 3378 le

85 3404 250 3485 mogliore
265 3412 297 3461 et
329 3400 348 3461 li
371 3401 476 3483 figlioli
502 3403 570 3475 soi,
594 3400 774 3461 domandati
795 3404 826 3461 in
848 3402 904 3461 ciiii
924 3412 1002 3461 stolo
1023 3424 1055 3461 so
1080 3411 1183 3461 trova-

84 3508 171 3547 vano
188 3488 220 3547 le
235 3505 317 3545 cose.
337 3484 366 3543 0
381 3486 486 3565 pianto
498 3483 730 3545 inconsolabile!
748 3506 767 3543 o
781 3504 857 3543 voco
873 3495 902 3543 et
917 3484 1021 3564 parole
1038 3485 1181 3544 obscura!

85 3589 105 3629 o
119 3580 271 3651 resposto
290 3566 345 3646 piir
358 3588 460 3627 amaro
479 3568 581 3627 clio'la
597 3570 718 3627 morto!
738 3566 854 3627 aldire:
876 3568 895 3627 li
911 3568 1072 3627 adversarii
1091 3572 1183 3627 nostri
1194 3570 1246 3639 2⁸9

84 3674 145 3713 son
170 3654 290 3713 dentre
311 3649 382 3711 delli
404 3653 495 3711 muri.
518 3648 633 3711 Poiob'o
655 3660 760 3732 questa
779 3672 851 3709 vooe
872 3650 1018 3709 horribile
1041 3650 1069 3709 so
1083 3648 1183 3709 ‹livul-

84 3748 159 3813 gata
183 3755 248 3817 por
267 3743 347 3791 tutta
362 3733 393 3805 ln
415 3733 534 3803 ostada,
556 3733 663 3793 vedevi
683 3734 711 3792 lo
732 3734 833 3793 strnile
855 3734 943 3814 piene
959 3734 997 3793 (le
1015 3731 1130 3793 homini
1153 3742 1183 3806 ot

83 3819 229 3893 somine,
260 3814 357 3895 preti,
379 3816 510 3876 Caloieri
533 3826 561 3876 et
585 3818 741 3897 Calogroo.
765 3815 838 3877 tutti
861 3838 986 3877 correre
1005 3814 1064 3878 olla
1085 3815 1183 3875 chiesa

83 3902 237 3981 grande,
267 3899 296 3958 le
321 3896 435 3959 semino
455 3921 514 3960 con
546 3899 568 3961 li
586 3898 681 3981 piooli
703 3900 783 3980 palti
814 3900 978 3973 inbuere,
1012 3896 1134 3958 lassanti
1157 3898 1185 3959 le

82 3988 230 4067 proprie
262 4002 331 4042 case
358 3981 410 4042 alli
431 3984 515 4065 impii
542 3985 712 4064 possessori.
761 3985 813 4041 Ma
841 3983 879 4041 do
914 3990 1019 4061 questo
1053 4001 1184 4041 eoncor-

81 4090 119 4129 so
152 4068 207 4128 ala
234 4064 348 4126 chionia
375 4066 488 4145 grande
519 4068 590 4148 qual
623 4066 655 4125 fo
677 4064 706 4125 la
728 4072 863 4125 oaxono?
908 4066 951 4122 Do
974 4062 993 4122 li
1016 4066 1132 4147 antiqui
1152 4066 1183 4127 fo

82 4150 293 4213 manifestata
324 4170 386 4209 una
417 4146 581 4229 prophetia
610 4148 649 4208 do
678 4147 778 4208 alcuni
811 4147 878 4207 salsi
904 4147 1066 4228 propheti,
1098 4167 1185 4209 rome

82 4232 371 4315 Constantinopoli
397 4234 483 4293 serri
515 4233 585 4294 data
617 4230 670 4295 elli
690 4228 828 4309 Turohi,
856 4230 877 4292 li
910 4232 992 4313 quali
1023 4234 1184 4293 intrarono
