3075 4825
346 328 433 429 364
698 356 837 422 nacla
868 354 1073 420 alsroan.

347 536 366 575 a
387 523 492 597 questa
520 509 738 595 expeditione,
773 508 907 570 babiano
938 508 1046 570 liberta
1067 506 1105 568 de
1127 525 1323 570 seccumanare
1340 512 1400 571 tatli

346 601 357 657 i
388 596 471 656 lochi
500 592 667 678 sottoposti
696 615 714 654 a
744 593 971 672 Gallicanam,
1003 602 1033 653 et
1052 594 1062 651 i
1081 591 1192 651 snbditi
1215 590 1269 651 ebe
1288 592 1401 672 prende.
1485 604 1486 665 l

346 700 424 739 rano
443 699 577 759 possano
609 676 741 739 vendere
768 686 799 736 et
822 676 967 737 mandare
989 675 1021 735 in
1040 674 1156 737 servitii
1177 674 1215 734 da
1236 674 1311 755 longi
1329 685 1355 735 et
1371 676 1402 735 da
1485 696 1486 733 3

347 783 474 844 presso,
496 761 527 820 in
550 762 732 845 qualunque
751 780 842 840 paese
862 780 1015 819 voranno.
1059 757 1188 818 Orchan
1208 756 1348 818 habiando
1364 758 1402 817 lo.
1485 752 1486 793 ³

346 855 414 906 tesa
434 846 494 905 tale
515 844 687 921 imbricata,
716 842 836 924 grande
855 842 989 922 alegrcza
1012 850 1044 902 et
1065 850 1306 903 contentameato
1324 839 1404 901 hebbe
1485 838 1486 903 Ϊ

347 928 397 988 nel
417 948 484 993 sao.
530 928 573 989 Et
587 948 676 1003 come
702 926 805 1009 quello
829 925 886 987 che
908 927 1102 1007 longamente
1121 924 1218 985 havea
1238 922 1340 983 bavato
1360 922 1404 984 de·

349 1010 473 1093 syderio
492 1020 524 1071 et
544 1020 608 1072 sete
630 1011 669 1072 de
687 1008 803 1070 bevere
822 1009 900 1071 delle
922 1008 1009 1071 dolze
1028 1028 1127 1090 acque
1147 1007 1187 1069 de
1207 1007 1303 1089 quella
1319 1006 1404 1081 sonte,
1485 1022 1486 1089 j

347 1092 581 1175 benignameote
610 1094 631 1154 li
660 1112 804 1173 respose,
833 1091 1073 1174 promcctendoli
1112 1090 1151 1151 ad
1181 1088 1251 1171 ogni
1280 1089 1405 1170 vogliaet
1485 1128 1486 1137 η

351 1176 476 1258 placere
496 1176 575 1238 della
596 1175 791 1258 imperatrice
808 1172 1086 1235 mandarliTarchi
1105 1172 1279 1238 dieremilia.
1299 1174 1325 1231 0
1343 1192 1407 1230 men·
1485 1172 1486 1247 g

347 1272 380 1320 te
403 1260 508 1341 ignare
536 1260 574 1319 de
595 1258 706 1342 paveri
742 1266 775 1320 et
794 1259 908 1318 infelici
930 1260 1038 1319 Greci!
1083 1256 1147 1319 Vol
1167 1278 1229 1317 non
1253 1266 1344 1315 sarete
1362 1252 1406 1313 cle

347 1362 523 1404 vennenosa
547 1343 616 1403 bixa
639 1342 784 1425 prendete
805 1364 823 1401 a
847 1342 1048 1403 domesticare
1069 1348 1100 1402 et
1119 1338 1303 1400 disiazarnel
1323 1346 1406 1398 vostro
1485 1356 1486 1367 ¹

348 1447 443 1499 seno,
474 1434 507 1486 et
537 1425 575 1487 de
604 1428 694 1508 quale
713 1424 811 1486 herbe
842 1425 888 1485 sia
911 1432 1072 1507 comporto
1093 1423 1290 1505 l'impiastro,
1313 1420 1362 1479 che
1379 1438 1406 1477 re

349 1508 583 1590 appareccbiate
611 1528 726 1590 ponere
753 1507 813 1569 alla
846 1518 953 1570 vostra
986 1511 1076 1591 plaga
1106 1508 1244 1567 mortale.
1288 1502 1407 1566 Mandata

349 1590 493 1675 adunque
514 1592 641 1653 Orchaa
664 1600 697 1654 et
723 1612 883 1674 promesso
917 1612 1046 1652 numero
1060 1590 1099 1652 de
1119 1589 1279 1651 diecimilia
1294 1584 1406 1657 Tamti,

351 1675 375 1735 li
396 1675 479 1757 quali
503 1678 613 1755 passati
635 1676 664 1736 el
697 1676 803 1735 canale
826 1675 895 1737 dela
914 1674 1073 1757 imperiale
1093 1674 1209 1735 cittade
1229 1673 1266 1733 da
1284 1670 1406 1731 Constan-

349 1757 549 1838 tinopolitani
569 1760 684 1819 forano
698 1778 757 1818 con
770 1759 884 1841 grande
904 1760 1036 1839 alegreza
1061 1766 1092 1818 et
1112 1757 1190 1818 sesta
1210 1753 1342 1823 reserati,
1358 1770 1407 1809 non

351 1841 531 1901 altramente
552 1841 628 1902 ch'el
644 1841 777 1902 mentito
795 1842 911 1903 cavallo
933 1841 1107 1903 dePallade
1127 1840 1169 1900 da
1179 1838 1312 1900 Troiani.
1330 1834 1406 1905 Oine,
1446 1874 1449 1887 .

353 1920 504 1985 Bisantio!
528 1935 634 2007 questa
655 1926 672 1985 ὲ
699 1926 727 1985 la
749 1924 880 1986 vicenna
900 1924 1002 1997 fatale,
1026 1926 1055 1985 la
1121 1924 1171 1984 ale
1184 1924 1307 1983 convica
1322 1918 1368 1978 ebe
1383 1926 1408 1973 la

310 2009 345 2063 3²
354 2007 447 2069 rende
467 2028 484 2067 a
511 2007 658 2091 l'aatiqaa
677 2008 787 2071 Troia.
830 2010 867 2069 Li
891 2008 1011 2070 Turcbi
1044 1944 1202 2068 habitando
1222 2006 1295 2067 vista
1316 1999 1408 2072 lariti,

353 2090 485 2152 lemare
503 2100 535 2152 et
556 2091 586 2152 le
599 2091 789 2170 munitione,
810 2092 969 2153 asecirono
989 2092 1058 2152 soro
1084 2090 1115 2150 in
1140 2112 1252 2171 campo
1274 2110 1289 2147 a
1308 2082 1409 2145 comba.

352 2182 419 2235 tere
437 2186 546 2235 contra
558 2175 579 2235 li
593 2174 705 2237 nemici
727 2174 795 2237 dela
813 2175 1016 2258 imperatrice.
1038 2175 1087 2234 Da
1101 2172 1202 2235 l'altra
1217 2182 1298 2254 parte
1310 2172 1409 2259 Zuaone
1486 2190 1487 2245 p

352 2256 578 2337 Gatbncasino,
608 2280 698 2321 come
725 2259 829 2341 quello
850 2259 907 2320 che
928 2280 979 2320 era
1003 2258 1082 2317 nelle
1104 2278 1176 2319 cose
1196 2255 1300 2318 bellice
1318 2259 1409 2331 pratrco
1486 2252 1487 2277 ¹

353 2351 386 2401 et
404 2342 561 2420 valorum,
581 2343 691 2404 lassato
714 2342 735 2403 li
760 2342 808 2403 soi
832 2339 946 2403 castelli
967 2340 1005 2403 de
1025 2340 1146 2401 bomini
1170 2351 1201 2403 ct
1221 2334 1349 2401 victualia
1364 2333 1409 2422 ben
1486 2415 1487 2418 Ἴ

352 2425 486 2497 fomiti,
517 2447 576 2486 coo
599 2425 630 2484 lu
654 2427 786 2488 exercito
814 2428 898 2488 bene·
914 2426 1055 2488 ordinato
1078 2425 1118 2487 de
1140 2425 1278 2487 Serviani
1298 2431 1324 2481 et
1341 2421 1409 2479 Grae!

353 2506 547 2568 all'incontro
568 2527 670 2568 venne
688 2508 748 2570 alla
767 2509 909 2592 bataglia.
960 2509 1000 2570 ΑΙ
1021 2511 1123 2592 primo
1147 2519 1178 2569 et
1198 2505 1324 2568 secundo
1344 2519 1410 2590 εοοιι-Ι
1438 2497 1440 2504 ’

353 2599 404 2650 tro
425 2589 536 2650 nisena
565 2589 681 2651 al'altra
712 2604 801 2673 parte
821 2593 854 2653 lo
874 2592 1043 2674 superiore.
1088 2591 1309 2662 Cathacusino,
1328 2589 1410 2668 quana

353 2673 473 2734 Tarcbi
493 2672 643 2733 venivano
663 2677 753 2756 presi,
777 2695 862 2736 come
883 2676 996 2758 publici
1018 2674 1138 2735 inimici
1163 2675 1231 2736 dela
1251 2673 1314 2734 fede
1331 2664 1411 2728 calla

354 2753 416 2817 lica
436 2765 468 2818 et
489 2756 570 2817 della
587 2777 642 2817 sua
658 2759 763 2839 patria
784 2760 864 2820 lecea
888 2759 997 2824 morir.
1018 2759 1054 2819 Li
1075 2758 1170 2820 Greci
1190 2759 1291 2818 lacera
1310 2747 1412 2841 spoglia·¹

355 2840 434 2900 rele
453 2851 536 2900 veste
560 2850 590 2899 et
613 2841 642 2900 le
660 2862 760 2918 arma,
791 2855 822 2902 et
848 2843 924 2902 nudi
950 2841 1178 2903 liremandava
1200 2861 1305 2901 acasa
1344 2829 1414 2894 llall
1487 2891 1488 2922 p

360 2923 478 2984 Turcbi
509 2923 691 2984 detrectanti
720 2926 749 2986 la
780 2926 915 3006 bntaglia
943 2947 1004 2986 con
1031 2924 1258 3000 Cathacusino‚
1283 2919 1414 2982 andavrno
1487 2923 1488 2932 ¹

357 3006 539 3068 conserando
553 3017 584 3066 et
607 3006 769 3071 robbando
787 3007 815 3069 le
833 3009 917 3087 ville,
932 3009 1073 3090 ligavero
1095 3008 1118 3069 li
1134 3027 1245 3091 prezon
1260 3006 1336 3066 l’uno
1353 2997 1413 3058 drie-

356 3097 393 3148 to
415 3090 542 3163 al'altro‚
561 3090 633 3150 tutti
656 3094 763 3153 strecti
786 3093 825 3152 ad
848 3113 910 3154 una
931 3091 1047 3165 corda,
1070 3102 1100 3152 et
1132 3093 1213 3152 colla
1235 3090 1303 3149 lirae
1317 3085 1340 3144 al
1357 3079 1415 3142 collo
1487 3099 1488 3124 l

357 3173 477 3233 evincta
499 3174 521 3233 li
541 3195 698 3234 menavaa
715 3177 973 3258 Costantinopoli,
992 3173 1112 3236 homini
1133 3187 1164 3236 ct
1187 3173 1313 3246 lemine,
1332 3181 1414 3252 gatwf

359 3256 411 3331 ni,
435 3257 594 3335 provecti,
624 3257 782 3320 infanctali
812 3260 850 3320 da
875 3255 974 3331 tecta,
1008 3260 1086 3340 preti
1104 3268 1134 3320 et
1155 3258 1295 3329 caloriei‚
1318 3253 1414 3312 ramat

357 3347 390 3397 et
415 3339 533 3400 confusi
560 3361 650 3401 senza
678 3341 768 3402 alcun
794 3343 921 3404 ordine:
956 3361 1042 3402 come
1071 3342 1196 3423 placore
1216 3351 1245 3399 et
1265 3333 1362 3418 agnelli
1380 3329 1414 3385 ln·

358 3424 486 3482 nocenti
505 3421 527 3482 li
551 3423 792 3498 conducevano,
828 3424 1014 3487 vendendoli
1046 3446 1103 3505 per
1127 3426 1201 3506 ogni
1228 3423 1310 3483 llere.
1347 3415 1415 3476 Ere

357 3523 416 3585 per
436 3505 516 3565 mala
541 3517 621 3567 sorte
637 3507 675 3566 de
693 3509 806 3570 alcano
826 3529 889 3569 non
920 3529 953 3568 se
975 3507 1055 3568 fosse
1075 3517 1200 3569 trovato
1219 3509 1415 3583 compastores

358 3589 513 3649 venivano
543 3589 654 3651 battuli
682 3591 744 3652 line
770 3593 818 3652 ala
848 3592 924 3651 dura
951 3602 1061 3658 morte.
1111 3591 1154 3651 Et
1205 3597 1288 3650 uasto
1315 3603 1367 3643 noa
1388 3569 1414 3633 tl

359 3671 438 3730 altro
464 3673 545 3748 line,
567 3693 600 3733 se
620 3693 681 3733 non
701 3674 759 3735 che
779 3677 798 3736 li
822 3677 987 3756 spectatori
1008 3695 1062 3754 per
1077 3673 1106 3734 la
1127 3694 1187 3733 cra
1214 3673 1282 3732 alita
1297 3667 1364 3726 delle
1381 3661 1415 3716 in·

359 3755 491 3816 cendose
509 3755 663 3817 battetnre
690 3777 746 3836 per
770 3759 854 3838 pieta
877 3779 908 3818 se
929 3769 1105 3818 movesseno
1132 3748 1353 3836 acompararli.
1386 3738 1416 3799 El

361 3836 455 3916 quelli
479 3838 538 3898 clre
560 3838 646 3920 dopo
663 3840 760 3900 molle
777 3841 864 3902 botta
885 3862 945 3901 non
976 3841 1124 3904 venivano
1144 3835 1329 3919 comparati,
1350 3829 1367 3888 li
1383 3824 1415 3913 ft·

359 3938 474 3980 cesano
493 3941 598 4002 passer
616 3923 645 3982 el
667 3921 792 3997 canale,
819 3933 850 3985 et
874 3923 1046 3986 mandavali
1082 3925 1113 3984 in
1131 3924 1242 3983 Parsia
1270 3929 1298 3980 et
1318 3915 1345 3974 in
1361 3909 1415 3970 lsll

359 4019 496 4076 mazare,
512 4025 572 4065 ove
595 4005 623 4065 el
643 4005 761 4067 destino
781 4006 909 4068 decade
927 4029 988 4068 ano
1011 4010 1028 4068 li
1054 4017 1190 4087 portava
1213 4004 1253 4065 ad
1272 4019 1343 4063 esses
1361 4009 1415 4084 ren·

320 4080 426 4141 ssdnti
450 4084 509 4145 alle
541 4087 670 4150 barbare
703 4091 838 4150 natione.
879 4090 991 4168 Olmie,
1014 4085 1071 4151 cat
1088 4087 1260 4171 spectaculo
1277 4069 1416 4169 miserabile

240 4246 244 4257 ο
362 4181 413 4256 cra
432 4167 470 4224 ad
494 4169 587 4228 aeder
610 4173 630 4229 li
649 4170 791 4253 supplicii
817 4176 871 4232 eti
897 4173 1041 4233 tormenti
1066 4185 1096 4234 et
1114 4173 1140 4232 le
1164 4181 1262 4232 mor-tc
1283 4175 1415 4246 sanguina·-

363 4265 410 4305 nc
422 4246 492 4310 delli
504 4252 605 4312 miseri
623 4255 724 4322 Greci.
749 4255 821 4316 Non
836 4277 870 4318 se
889 4255 987 4318 aldina
1004 4259 1084 4320 altro
1099 4255 1157 4318 che
1174 4253 1275 4335 doglie
1295 4259 1321 4310 et
1332 4245 1415 4325 planta.
