3075 4825
357 201 446 311 488
700 203 838 290 nonan
872 221 1083 306 nrsronn

358 377 560 459 stantioopoli
580 377 686 438 feceno
707 377 736 438 la
757 379 850 458 prodo
872 379 928 438 elie
949 385 1121 457 possctteno
1141 373 1254 436 havere
1268 375 1302 436 de
1319 375 1402 434 locine

357 472 392 524 et
406 461 538 536 homini,
555 472 586 520 et
600 473 779 604 congrefiato
792 459 811 522 li
825 481 988 522 rncnarono
1005 456 1065 520 alle
1076 461 1162 541 galia.
1176 457 1214 517 El
1225 467 1300 518 resto
1312 455 1351 518 del
1362 479 1401 538 po-

359 547 432 627 pulo
447 547 478 606 fo
495 557 616 604 merloto
632 545 698 604 sora
734 543 791 604 ella
806 545 865 604 cita
881 543 931 602 alli
945 541 1120 624 paviglioni.
1141 542 1235 601 'l'uttc
1249 551 1340 622 queste
1353 561 1402 600 nne

360 640 449 688 tanto
465 627 611 690 horribile
628 628 736 687 forono
753 627 831 686 lactc
848 635 878 686 et
899 627 984 686 sinito
1004 624 1083 684 dallo
1097 623 1170 684 hora
1182 627 1277 704 prima
1289 623 1322 682 de
1333 643 1403 682 torno

358 712 419 771 fine
440 709 498 770 alta
514 721 630 770 octarvo.
653 709 805 790 loquella
827 709 902 770 hora
920 709 947 769 el
968 719 1097 792 tyranno
1114 707 1242 769 essendo
1258 709 1315 764 sora
1327 705 1402 783 d'ogni

360 793 455 856 dnbio
469 803 501 853 et
513 814 619 874 paura,
643 793 730 853 antri>
743 794 777 852 in
792 791 1058 872 Constantinopoli
1078 812 1138 854 con
1158 791 1168 850 i
1190 791 1235 851 eoi
1250 788 1334 857 visin,
1350 809 1404 846 oon·

358 876 472 950 sigheri
495 887 526 936 ct
547 875 701 956 menagii,
724 875 865 935 havendo
886 873 1012 934 davonti
1034 883 1066 935 ct
1085 872 1223 934 darietro
1242 882 1271 932 et
1287 870 1405 930 d'intorno

358 962 483 1022 intorno
504 958 525 1018 li
546 959 590 1018 soi
612 959 691 1019 servi
713 957 877 1039 preelecti,
897 957 1024 1038 spiranti
1051 958 1138 1032 loco,
1163 958 1264 1016 roveni
1285 952 1403 1024 Herculei,

359 1063 378 1106 a
407 1042 488 1104 tirar
520 1042 609 1101 l'arco
639 1042 693 1122 piir
716 1042 805 1121 periti
826 1041 882 1101 che
904 1039 1026 1121 Apollo.
1069 1039 1141 1099 Uno
1162 1059 1215 1099 era
1236 1036 1403 1098 sullieicntea

360 1135 547 1185 contrastare
579 1123 618 1183 ad
639 1125 679 1188 X.
701 1134 732 1183 et
756 1123 877 1184 desceao
898 1125 929 1183 in
954 1123 981 1184 la
1002 1123 1115 1204 grande
1135 1121 1257 1198 chiesia,
1276 1118 1402 1179 ‹lesnonti

359 1207 398 1268 da
421 1206 554 1283 cavallo,
588 1217 618 1266 et
638 1207 753 1266 intrato
785 1207 893 1266 dcntro
911 1227 969 1266 con
990 1205 1103 1287 grande
1126 1201 1297 1282 maraviglia
1314 1199 1404 1284 gualdi

358 1287 543 1350 l'altitudine
571 1300 601 1350 et
629 1288 782 1368 grandem
817 1287 901 1350 dello
921 1288 1048 1370 antiqno
1068 1291 1197 1369 tempio.
1239 1287 1278 1348 Et
1296 1284 1403 1344 mirando

358 1373 487 1432 intorno
524 1371 615 1432 ridde
645 1393 707 1434 uno
728 1370 873 1446 Turcho‚
908 1368 936 1432 ol
967 1369 1058 1467 quale
1093 1371 1190 1431 haren
1221 1377 1298 1430 sotto
1317 1365 1405 1426 unodi

357 1455 507 1516 marmori
529 1454 624 1515 nobiti
646 1453 726 1516 della
744 1475 875 1535 operosa
903 1455 1079 1514 fabricant
1102 1453 1286 1514 domandato
1304 1449 1329 1510 el
1344 1449 1405 1508 Τυπ-

359 1537 420 1596 cho
451 1535 501 1597 dal
533 1547 666 1620 tyranno
694 1535 807 1619 per-chia
838 1555 973 1598 coxonne
997 1536 1093 1597 liavea
1115 1546 1200 1597 rotto
1220 1535 1248 1596 el
1267 1553 1405 1606 marmora,

357 1639 505 1784 {ltili
535 1619 722 1764 lidii'h
737 1619 888 1764 llll
909 1614 1406 1763 “thail'ttshltlttlt

359 1784 473 1846 thesosi
503 1796 533 1846 et
556 1784 585 1846 la
607 1786 726 1866 preda?
756 1807 845 1846 senza
868 1748 1060 1848 chaminuire
1077 1783 1108 1846 lc
1131 1806 1225 1867 opere
1246 1781 1320 1844 della
1335 1781 1404 1854 citti,

358 1867 416 1928 che
434 1887 510 1932 sono
537 1871 607 1930 mie.
659 1867 732 1930 Cosi
752 1867 893 1944 hattuto,
923 1867 996 1930 dalli
1023 1867 1104 1950 piedi
1133 1867 1214 1929 {olto
1240 1888 1317 1926 mezo
1335 1874 1404 1924 noto

358 1950 391 2012 lo
413 1949 533 2012 bnttato
557 1953 632 2017 sora.
672 1949 734 2012 Poi
756 1951 822 2012 fece
840 1952 995 2014 chismate
1015 1972 1078 2012 uno
1096 1953 1128 2012 di
1148 1951 1196 2011 soi
1219 1949 1318 2032 perfidi
1336 1946 1403 2028 pret}

298 2045 389 2121 ‘9⁹⁰¹
408 2045 547 2096 montare
567 2038 598 2094 in
620 2054 684 2095 uno
703 2033 767 2094 alto
789 2033 937 2117 pergolo,
962 2045 993 2096 ct
1012 2036 1220 2115 pronuntiare
1242 2055 1301 2094 uno
1319 2051 1405 2092 sarno

182 2107 193 2126 ²
359 2137 399 2176 ne
419 2115 587 2178 enarrabile
606 2128 640 2178 ct
657 2117 831 2199 nephando.
874 2117 963 2178 Oltra
980 2127 1089 2198 questo
1115 2117 1144 2178 el
1166 2113 1279 2198 figliolo
1297 2123 1325 2176 et
1339 2133 1404 2194 gran-

359 2199 399 2259 de
417 2203 570 2281 capitsnio
591 2199 630 2261 de
643 2200 832 2262 Antichristo
851 2201 959 2261 mouth
981 2221 1071 2280 sopra
1093 2201 1121 2260 cl
1140 2199 1335 2261 sacratissimo
1351 2194 1405 2254 alta·

360 2303 411 2357 re,
440 2305 500 2344 ove
526 2285 591 2345 fece
618 2283 649 2345 la
668 2306 724 2345 sua
746 2285 895 2346 oratione.
947 2285 1015 2343 llcu
1034 2281 1266 2344 maledictione!
1287 2281 1338 2340 lacu
1355 2299 1405 2360 por-

359 2374 447 2459 tento
477 2364 694 2463 maraviglioso
714 2376 743 2428 at
762 2366 913 2430 inauditol
939 2365 1061 2440 hunrih,
1092 2366 1141 2427 chi
1162 2387 1246 2429 semo
1266 2361 1403 2462 detrectat!

360 2467 439 2590 {tt
463 2450 693 2592 ‘'diiii“
708 2448 1241 2614 nlt‘ltgttt'slffttlltl
1255 2445 1405 2592 thid

360 2611 467 2689 altare,
488 2631 545 2672 ore
567 2633 643 2673 sono
666 2614 696 2674 le
714 2614 842 2695 reliquie
860 2600 933 2676 delli
953 2614 1085 2696 apostoli
1106 2636 1123 2675 e
1143 2614 1216 2677 delli
1238 2608 1407 2685 martimo

359 2694 446 2755 tacto
467 2694 498 2755 la
517 2716 572 2757 sua
592 2694 684 2759 sedis.
697 2718 719 2757 o
738 2698 815 2770 sole,
839 2718 860 2759 o
879 2697 980 2776 stelle,
1001 2719 1021 2758 n
1041 2699 1184 2760 universo
1206 2698 1281 2759 ciclo
1301 2705 1328 2756 et
1342 2710 1407 2752 mun·

360 2775 421 2851 do,
440 2799 502 2837 non
525 2777 693 2839 abhorrete
721 2790 751 2839 ct
773 2778 973 2851 abhominetc¹
1014 2782 1092 2841 nesti
1118 2778 1257 2851 miracoli
1277 2788 1350 2839 tanto
1362 2784 1407 2835 stu·

360 2858 470 2939 pefacti
491 2871 522 2921 ct
540 2861 710 2921 horrendi?
724 2882 784 2921 ova
813 2862 968 2943 stagnus
1026 2866 1061 2924 tr
1082 2884 1140 2925 ore
1162 2866 1181 2925 e
1205 2863 1232 2925 el
1251 2853 1407 2943 fign010‚d

360 2940 455 3003 verbo
475 2942 524 3003 del
547 2955 644 3024 patro,
666 2954 805 3005 manzato
822 2956 853 3003 et
872 2967 934 3007 non
958 2958 1158 3025 consumat03
1181 2944 1209 3008 el
1230 2942 1316 3027 quale
1333 2962 1360 3002 se
1374 2958 1407 2997 so·

359 3023 428 3083 leva
446 3026 619 3087 sacrificare
640 3028 672 3087 in
698 3028 770 3107 quel
801 3026 908 3088 altore.
957 3028 1046 3091 Certe
1080 3050 1164 3090 semo
1200 3024 1408 3110 reputationis

360 3105 415 3166 rili
447 3108 572 3168 animali
599 3110 631 3169 di
660 3111 783 3170 nissnno
811 3110 940 3189 valorc‚
962 3123 993 3173 et
1018 3112 1047 3172 la
1065 3122 1169 3173 nostra
1190 3110 1322 3173 oratione
1340 3099 1406 3187 peri

359 3192 456 3249 nostri
478 3196 591 3270 peccati
613 3212 755 3272 appresso
777 3192 895 3255 lezenti
917 3214 978 3254 non
996 3215 1095 3256 venne
1113 3195 1217 3257 alditn.
1256 3192 1293 3255 El
1310 3186 1407 3267 111Ρὶοι

359 3272 387 3332 cl
409 3274 482 3353 qiral
503 3273 533 3333 fo
554 3274 696 3338 oliticato
715 3276 744 3338 al
765 3279 856 3335 n'ornc
876 3276 954 3339 della
974 3279 1120 3359 sapientia
1136 3276 1186 3339 del
1210 3276 1299 3338 verbo
1316 3273 1348 3333 de
1365 3268 1406 3339 lit

357 3354 512 3416 chiamato
540 3352 611 3416 loco
639 3356 677 3417 de
710 3352 822 3419 Sancta
854 3358 994 3437 trinita,
1025 3360 1142 3441 grande
1169 3360 1292 3427 chicsias
1307 3366 1334 3417 et
1351 3370 1407 3412 nora

356 3436 455 3512 Sion,
487 3438 577 3517 hoggi
597 3440 614 3498 ὲ
635 3440 713 3504 sacta
733 3464 787 3507 ora
808 3440 839 3503 ‹li
859 3442 984 3503 barbari
1008 3453 1040 3503 et
1059 3443 1225 3503 deventnta
1245 3452 1275 3503 ot
1291 3438 1406 3499 chisnrta

357 3540 426 3582 casa
445 3520 484 3582 de
504 3520 707 3583 Mechcmcth.
758 3528 864 3601 lusto,
897 3524 1040 3607 signore,
1061 3526 1142 3586 iusto
1167 3526 1227 3589 eit
1245 3537 1297 3587 tuo
1319 3518 1405 3580 lulli&

357 3600 513 3665 Usciendo
536 3604 680 3685 adunque
699 3606 728 3665 el
746 3617 759 3665 t
782 3628 879 3667 ranno
899 3608 966 3667 fora
987 3606 1060 3668 dclli
1081 3607 1165 3669 lochi
1188 3611 1284 3679 socri,
1303 3601 1405 3665 rachiae

357 3684 560 3766 Megadncha.
603 3687 645 3746 Et
665 3709 748 3749 essen
773 3688 816 3749 oli
837 3701 1037 3771 presentato,
1066 3689 1088 3751 li
1109 3690 1208 3753 dnae:
1231 3682 1405 3753 haverciaco

357 3761 436 3827 bene
461 3790 525 3833 non
555 3768 721 3829 darme'lo
739 3772 808 3837 cita.
861 3772 940 3839 Vcdi
985 3783 1079 3835 nanto
1108 3772 1221 3839 damno
1240 3775 1257 3834 i
1277 3782 1318 3831 sta
1335 3764 1403 3831 nco,

357 3862 471 3925 quanta
492 3851 694 3915 destructione
714 3862 746 3912 ct
770 3865 886 3937 quanto
907 3876 962 3937 pre
1004 3904 1012 3922 .
1053 3855 1243 3938 Megnducha
1258 3845 1404 3933 respondet·

357 3928 400 3987 do
420 3931 520 3993 disse:
550 3937 676 4016 signos,
704 3955 770 3996 non
802 3934 951 3999 lraveamo
982 3940 1036 3999 noi
1056 3948 1144 4001 tanta
1169 3938 1274 4001 liberti
1293 3936 1367 3995 darve
1383 3926 1403 4015 ¹³.

298 4016 350 4071 3⁰⁰
359 4011 442 4087 elliu
474 4016 513 4074 ni
539 4017 630 4079 anchi
665 4015 695 4079 lo
728 4016 827 4083 haren
859 4042 925 4081 esso
955 4019 1164 4171 imperadore.
1214 4016 1315 4081 Alcnni
1333 4011 1356 4071 di
1372 4018 1403 4065 10¹

359 4094 480 4159 serires
501 4096 563 4161 atto,
582 4101 775 4192 imperator,
796 4102 1035 4171 confortandos
1057 4104 1113 4175 ohe
1133 4126 1197 4175 noo
1216 4104 1330 4169 halese
1345 4107 1401 4181 pal·
