3075 4825
445 367 502 430 nu
529 365 617 431 cnr.
640 369 679 430 u.
709 366 859 432 norae.
1107 339 1191 428 533

113 521 210 580 atrata
232 512 409 580 Macedonia
430 527 461 578 et
479 515 610 578 Thracia
633 537 685 602 per
713 527 856 580 aestatem
880 516 1020 583 Nicaeam
1039 520 1196 584 recessisse

115 599 198 661 etin
219 599 356 684 hyberna
377 598 505 662 militem
528 601 692 674 dimisisse,
715 610 747 663 et
768 621 836 684 cap.
860 621 895 663 ra
917 603 1085 666 iohannem
1104 603 1193 666 aedi.

113 681 218 745 froame
236 685 410 768 Magnesiae
439 682 587 766 ternplum
609 675 704 760 ὄνομα
732 683 787 764 τῆς
809 679 1000 766 &andrapon
1019 684 1194 768 Σώσανδρον
1227 694 1231 704 ’

114 763 321 845 καλούμενον,
344 764 487 848 aliudque
516 761 602 838 ἐντὸς
624 765 678 848 τῆς
699 763 837 838 Νικαίας
858 766 904 839 εἰς
924 757 1026 846 ὄνομα
1047 766 1194 832 Ἀντωνί·

114 865 153 907 oo
174 849 234 910 τοῦ
265 849 414 929 μεγάλου.
443 849 493 910 hio
511 848 638 910 Vatacia
668 847 916 932 Didymotoecho
937 853 1085 914 oriundus
1106 864 1191 930 erat,

61 955 64 964 ·
113 941 144 990 et
164 931 397 994 Protorestiarii
415 931 594 1015 dignitatem
618 931 744 1014 adeptus
775 953 794 992 a
813 933 933 997 Lasoari
950 956 1043 1018 gener
1062 936 1194 1000 adscitus

111 1021 170 1080 est.
214 1016 362 1099 Georgius
382 1015 552 1098 logotheta
574 1015 605 1078 in
627 1013 794 1077 Chronico.

195 1097 234 1163 P.
259 1097 307 1177 ιδ,
329 1097 359 1178 4.
401 1093 563 1180 Θεόδωρος
583 1091 750 1177 Λάσκαρις
770 1091 883 1184 ἔπιδ’]
925 1101 985 1162 Hic
1004 1100 1192 1164 Theodorus

113 1180 218 1241 iunior
247 1181 376 1245 senioris
406 1202 440 1242 ex
459 1181 520 1244 lilia
538 1202 654 1264 nepos,
677 1201 773 1243 annos
794 1181 832 1241 33
854 1194 942 1245 natus
962 1194 1048 1263 erat,
1066 1191 1070 1208 ⁴
1091 1184 1192 1249 nando

112 1263 209 1326 fasces
230 1265 347 1348 imperii
367 1266 507 1346 suscepit.
529 1285 612 1325 anno
632 1266 714 1326 enim
734 1284 796 1346 qno
817 1274 904 1344 pater
927 1269 1021 1349 ipsius
1039 1205 1192 1330 solennes
1200 1270 1226 1325 P.
1238 1287 1291 1326 aso

113 1345 282 1428 imperator
302 1347 473 1430 designatus
500 1348 579 1420 fnit,
610 1358 698 1410 natus
729 1359 774 1410 est
800 1346 999 1428 Theodorus,
1020 1358 1056 1412 ut
1074 1353 1194 1435 scripsit

112 1429 267 1512 Gregoras
286 1429 339 1493 lib.
364 1453 395 1494 a.
416 1431 473 1492 suh
494 1431 598 1492 linem.

196 1513 235 1575 P.
250 1515 295 1591 13,
308 1513 335 1577 5.
351 1503 496 1594 Ἰωάννης
504 1507 693 1597 Λᾰσκαρις]
724 1512 781 1576 Hie
794 1511 875 1576 lilius
884 1513 1044 1576 Theodori
1064 1515 1195 1577 iunioris

113 1593 193 1674 fuit,
215 1598 264 1657 cui
285 1607 373 1678 pater
391 1597 525 1658 moriens
545 1597 711 1658 Arsenium
732 1597 936 1680 patriarcham
953 1608 983 1659 et
1003 1598 1194 1660 Muzulonem

112 1681 380 1759 protovestiarium
392 1689 510 1742 tutores
529 1678 663 1756 dederat,
686 1689 783 1742 utres
802 1684 919 1762 imperii
935 1681 1192 1756 administrarent,

114 1760 215 1824 donec
245 1762 415 1842 Iohannes,
444 1764 497 1846 qui
525 1764 662 1823 sexennis
683 1762 874 1826 solummodo
895 1775 979 1843 erat,
1002 1763 1191 1826 adolevisset.

113 1843 249 1921 Muzalo,
277 1845 351 1909 dum
371 1845 460 1908 funus
474 1845 628 1907 Theodori
649 1845 773 1908 effertur
794 1858 824 1908 et
837 1848 1009 1928 Magnesiae
1027 1849 1059 1907 in
1082 1869 1193 1930 magno

111 1928 229 2008 templo
256 1927 420 1992 Sosandrio
449 1927 583 1990 defuncti
602 1929 854 1992 commemoratio
881 1931 1000 2012 agitur,
1034 1929 1192 2012 adipsum

111 2029 228 2072 sacram
247 2031 382 2073 mensam
405 2009 445 2071 ab
463 2011 649 2074 irruentibus
670 2012 815 2074 militibus
838 2010 1026 2074 confoditur.
1069 2013 1194 2073 Arsani-

111 2113 148 2154 us
184 2093 293 2156 deinde
324 2093 497 2175 patriarcha
524 2115 626 2157 rerum
657 2116 714 2156 usu
736 2116 771 2156 ae
801 2095 926 2156 consilio
944 2095 1108 2156 destitutus
1131 2095 1195 2155 Mi·

110 2175 248 2238 chaelem
267 2174 485 2273 Palaeologuru
506 2175 546 2237 ln'
559 2179 775 2259 imperatorem
796 2189 942 2251 coronat,
965 2199 1000 2240 ea
1020 2177 1197 2238 conditione

112 2269 148 2320 ut
169 2257 273 2322 adulto
294 2259 425 2322 Iohanni
445 2262 573 2342 imperio
593 2261 681 2322 cedat
700 2281 793 2343 seque
812 2261 944 2322 abdicet.
985 2258 1118 2321 Michael
1138 2279 1195 2320 oo·

111 2353 241 2406 conatus
274 2343 440 2406 Iohannem
467 2343 698 2406 custodiendum
724 2345 911 2428 Magnesiam
930 2342 1047 2422 nitria,
1070 2341 1196 2403 tandem

113 2426 504 2573 qptpdpxcappanbhoppue
522 2426 643 2573 scelcpip)
663 2431 858 2574 ipeptubmfiac
877 2426 1042 2571 inhapillepn
1055 2427 1195 2586 puppppo

110 2530 130 2573 r
192 2530 226 2570 r.
297 2530 396 2573 sce.
453 2530 576 2573 roras
645 2555 654 2572 .
720 2533 753 2573 su
820 2530 1088 2572 nemer..

110 2594 214 2676 orgius
234 2532 388 2655 Phranies
411 2532 506 2657 lilnegr
531 2614 619 2677 capp.
644 2594 663 2657 3
687 2603 717 2657 et
747 2596 779 2657 5.
836 2555 968 2655 Miclrael
998 2591 1196 2673 Palaeologus

110 2696 148 2736 ex
168 2686 256 2759 gente
275 2678 403 2759 antiqua
437 2688 467 2738 et
485 2676 671 2739 nobilissima
692 2674 839 2740 oriundus
859 2687 947 2756 erat,
970 2698 1083 2759 quam,
1103 2684 1140 2735 ut
1158 2694 1195 2736 cx

108 2758 179 2819 aliis
199 2760 308 2822 Petrus
332 2760 455 2821 Biaarus
476 2760 573 2821 refert
592 2760 647 2821 lib.
677 2782 686 2821 ι
713 2760 752 2819 de
773 2758 855 2821 bello
875 2758 1016 2837 Veneto,
1038 2778 1080 2820 ex
1099 2756 1196 2820 Italia

108 2840 244 2926 adeoque
267 2842 392 2905 Viterdo
410 2846 490 2926 ipro,
519 2842 683 2905 Hetrrrriaa
714 2844 836 2904 ciuitate
855 2842 944 2904 haud
960 2862 1035 2904 sane
1055 2841 1194 2921 ignobili,

107 2944 193 3007 quae
219 2924 291 2987 olrin
306 2924 343 2986 V
338 2926 422 2987 siresa
436 2940 608 3012 nuncupata
625 2940 774 3011 tanquam
798 2924 889 2986 trium
904 2924 1021 2986 urbium
1043 2936 1124 3006 septa
1144 2921 1196 2983 arel

113 3010 237 3070 moenia
257 3010 289 3069 in
308 3028 339 3069 se
359 3008 568 3090 complectens,
594 3012 739 3091 originem
757 3009 891 3070 traxisse
907 3006 1060 3068 nomsullis
1076 3006 1194 3088 placet.

194 3090 235 3153 P.
251 3092 300 3168 ¹3,
340 3134 348 3151 .
394 3083 576 3169 ἐξώσθησαν
588 3088 642 3152 καί
654 3087 682 3152 oi
697 3088 898 3169 Acrisioneis
908 3080 1052 3171 πόλεως]
1085 3086 1196 3150 mundi

106 3194 192 3235 anno
203 3172 298 3257 6768,
313 3110 426 3235 dimisti
443 3170 533 3249 1260,
550 3172 620 3234 Iulii
634 3175 686 3236 25.
704 3173 823 3234 Referri
845 3170 936 3233 debet
951 3171 1027 3232 haec
1039 3169 1191 3253 temporis

84 3260 186 3320 'nota
206 3256 247 3318 ad
265 3277 380 3318 aunum
404 3276 414 3317 r
435 3254 554 3335 imperii
570 3254 729 3317 Michaelis
744 3254 931 3337 Palaeologi.
948 3256 1061 3351 quippe
1080 3253 1157 3318 urbs
1175 3274 1196 3317 a

107 3340 235 3402 Graecis
254 3349 430 3423 recuperata
451 3336 510 3399 fuit
529 3359 611 3399 anno
633 3337 744 3398 Christi
763 3338 850 3414 1262,
870 3338 979 3399 mundi
1000 3348 1082 3398 auxta
1095 3340 1195 3400 Grae-

106 3444 163 3485 cos
182 3442 262 3486 unuo
275 3422 367 3509 6770.
391 3440 461 3483 nam
482 3419 616 3484 collectis
637 3420 726 3481 anuis
738 3419 896 3481 Theodori
911 3419 1062 3497 Macaria,
1082 3419 1197 3482 lohan-

105 3506 159 3569 nis
179 3506 342 3586 Vataciae,
372 3502 529 3567 Theodori
549 3515 578 3563 et
599 3502 744 3566 Iohannis
776 3507 862 3564 anuis
881 3503 983 3565 tribus
1013 3502 1047 3563 fir
1077 3521 1196 3563 summe

106 3608 264 3653 annorum
276 3588 337 3668 583
357 3590 500 3676 quicum
523 3586 619 3649 additi
638 3587 753 3649 fuerint
777 3586 865 3648 annis
890 3586 989 3668 1204,
1010 3582 1198 3647 exhibebunt

106 3692 227 3735 annum
250 3670 349 3750 1262,
371 3693 435 3757 quo
456 3670 620 3751 lohannes,
642 3670 692 3733 cui
714 3668 877 3749 imperialis
899 3688 1016 3731 corona
1034 3688 1195 3749 nonquam

107 3754 256 3837 imposita
279 3754 357 3835 fuit,
387 3776 404 3817 a
429 3753 612 3835 Palaeologo
635 3750 784 3814 llliclraele
814 3762 989 3813 excaecatus
1009 3761 1040 3812 et
1061 3748 1194 3832 irnperio

108 3839 218 3923 pulsus
247 3848 311 3913 est,
345 3850 375 3899 et
401 3840 501 3897 Latini
523 3836 601 3896 urbe
625 3836 721 3897 exacti
743 3844 826 3896 sunt.
858 3834 938 3897 libro
959 3836 1051 3895 etiarn
1073 3831 1094 3911 4
1114 3835 1196 3894 Gre-

107 3944 198 4005 goras
219 3920 258 3982 de
276 3922 356 3983 urhe
377 3930 552 4023 recuperata
572 3939 630 4003 per
653 3920 814 3983 Caesarem
829 3914 1081 4002 Strategopulum
1099 3915 1196 3977 verba

109 4008 225 4069 faciens
245 4014 348 4079 notat,
371 3996 427 4063 elsio
448 4002 518 4081 εξῆς
537 3999 649 4083 ἠνύετο
671 3996 725 4082 ἔτη
747 3992 805 4084 ἀφ’
826 3990 866 4061 od
885 4000 947 4062 scir
965 4018 1001 4061 rs
1022 3997 1198 4077 βασιλικῶν

109 4084 233 4169 θρόνων
260 4080 410 4167 ἐγκρατὴς
444 4077 618 4166 ὁΜιχαὴλ
645 4080 788 4164 s'ysyo'rsr.
818 4103 880 4165 quo
909 4081 1003 4164 igitur
1022 4101 1103 4142 anno
1123 4080 1197 4143 urba

110 4184 200 4254 captu
219 4182 286 4250 est,
307 4174 368 4232 iarn
401 4167 479 4231 duos
500 4172 531 4230 in
555 4169 682 4250 imperio
700 4177 798 4229 anuos
818 4172 956 4246 integros
974 4161 1105 4225 Michael
1125 4184 1196 4227 exe·

110 4267 214 4339 perat:
250 4254 331 4318 narde
362 4262 478 4316 constat
509 4256 610 4339 ipsum
629 4252 738 4335 clypeo
770 4248 951 4314 insidentem
981 4250 1196 4332 imperatorem
