3075 4825
340 372 498 481 tration
534 372 785 437 numerumn
825 370 1013 437 taenaro.
1132 344 1210 430 361

144 524 250 586 torono
271 524 398 607 dispersi
419 538 449 588 et
467 524 628 589 maledecti
645 526 687 587 da
706 526 739 588 lo
760 536 866 587 eterno
889 525 959 601 dio,
985 544 1055 585 cose
1075 521 1097 583 li
1118 526 1218 585 Grae-

144 609 169 667 ci
191 630 245 689 per
274 608 304 669 la
334 619 415 670 rotta
445 609 512 670 fede
546 622 577 670 et
600 610 697 670 aldati
724 609 908 670 sacramenti
931 628 1020 668 senza
1039 606 1219 668 remissione

143 692 250 753 sorano
272 692 495 753 anatematizati
515 703 546 754 et
565 691 738 754 maledocti.
780 694 885 753 Zuane
904 692 1050 773 adunque
1064 690 1217 751 Cathacu-

141 774 222 848 sino,
258 778 387 837 raccolti
413 776 436 836 li
464 776 618 838 soraussiti
649 775 727 836 della
748 776 829 853 cita,
862 785 893 836 et
913 772 1110 835 conciliatore
1136 782 1262 845 tutteae

142 858 167 915 le
185 867 314 937 potenze
334 857 373 920 de
394 858 424 919 la
440 858 573 933 Tracia,
609 858 691 921 ando
712 859 751 919 ad
773 860 897 921 Stefaoo
920 857 1014 917 Gralli
1030 857 1070 916 de
1089 856 1218 935 Serria;

142 940 189 1000 dal
216 944 327 1023 quale,
361 942 459 1003 inleso
487 942 515 1004 el
542 943 713 1004 disonlaore
739 953 769 1003 et
789 945 815 1004 le
836 941 953 1025 grande
975 938 1066 1000 offere
1082 950 1221 1002 rezevute

139 1043 223 1082 senaa
243 1023 355 1085 alcuna
376 1047 430 1086 soa
453 1046 585 1102 carone,
608 1026 641 1087 lo
664 1027 839 1087 lietameote
860 1033 1017 1087 rezevuto.
1041 1022 1164 1084 Stefano
1188 1023 1221 1083 in

141 1104 208 1187 quel
226 1118 334 1188 tempo
348 1130 379 1169 sc
394 1130 446 1169 era
461 1110 559 1171 molto
573 1111 708 1171 exaltato
729 1130 786 1190 per
798 1108 827 1168 le
841 1128 948 1191 guerre
970 1106 1061 1166 civile
1082 1107 1121 1165 de
1140 1108 1223 1167 Gre-

140 1192 189 1260 ci,
208 1191 326 1271 perche
354 1192 559 1253 umiliandose
589 1193 617 1252 la
640 1192 787 1274 superbia
812 1192 850 1251 de
872 1188 1079 1273 l'imperadori
1099 1188 1138 1249 de
1158 1190 1225 1251 Ro·

140 1272 210 1345 mei,
237 1274 267 1333 la
287 1273 428 1335 humilita
454 1276 505 1335 ‹lel
526 1276 650 1359 dispoto
681 1275 721 1335 de
748 1274 856 1337 Servis
887 1294 919 1335 se
947 1293 1044 1334 venne
1065 1272 1163 1333 molto
1184 1272 1225 1333 ad

139 1354 290 1435 exaltare,
312 1380 369 1439 pcr
390 1357 484 1418 modo
507 1358 564 1420 che
587 1359 669 1419 dove
686 1358 787 1439 prima
809 1380 841 1419 se
860 1357 1016 1417 chiamava
1040 1356 1165 1437 dispoto
1186 1354 1226 1417 dc

139 1438 267 1518 Servia,
300 1462 332 1501 se
361 1440 501 1503 comiaco
528 1442 566 1503 ad
597 1442 755 1502 intitulare
785 1440 901 1515 Cralli,
928 1440 957 1501 el
979 1438 1051 1523 qual
1079 1460 1171 1500 nome
1191 1439 1225 1499 in

141 1518 248 1603 lengua
269 1523 392 1585 Persica
413 1524 548 1605 significa
570 1528 769 1607 imperatore,
794 1537 825 1586 et
846 1524 1036 1585 chiamavasa
1051 1522 1227 1603 imper-ador

140 1603 218 1664 della
242 1606 349 1669 Servio
379 1618 411 1668 et
433 1608 512 1669 della
545 1608 706 1671 Romania.
756 1608 786 1667 0
809 1628 887 1669 vane
912 1630 929 1669 e
951 1606 1054 1667 cieche
1076 1609 1170 1667 menti
1193 1604 1226 1667 di

141 1688 281 1749 mortali!
324 1692 514 1753 Altramente
529 1712 584 1753 era
605 1691 770 1752 ordinante
797 1690 828 1751 in
848 1690 927 1752 cielo
949 1689 987 1750 da
1009 1688 1038 1749 le
1051 1688 1141 1751 fatale
1162 1688 1226 1749 dis.

138 1770 303 1848 positione.
349 1774 418 1837 Non
449 1775 588 1835 intendea
608 1776 732 1836 Stefana
757 1773 814 1835 che
831 1784 942 1859 questo
967 1772 1059 1833 titulo
1081 1794 1143 1833 non
1166 1772 1227 1833 do.
1275 1836 1282 1847 ,

136 1871 192 1912 vea
214 1855 399 1918 descendere
418 1857 460 1919 ali
479 1858 525 1919 soi
545 1857 671 1932 heredi,
694 1867 725 1919 et
740 1857 797 1918 che
819 1860 934 1919 Lazaro
954 1877 1011 1917 suo
1032 1856 1105 1916 tiolo
1127 1856 1228 1917 dovea

135 1956 219 1996 esser
246 1942 391 2014 vilmente
418 1962 509 2021 preco
533 1952 565 2001 et
595 1951 702 2002 morto
730 1950 761 2000 et
778 1960 867 2001 come
893 1940 1017 2001 victima
1041 1938 1168 2001 imolato
1188 1938 1229 2000 da

135 2017 262 2077 Turchi
284 2021 323 2081 ad
343 2024 448 2102 placor
469 2024 592 2083 l'anima
613 2024 652 2084 de
672 2022 797 2083 Morato
813 2025 883 2084 loro
905 2022 1100 2103 impcrador‚
1120 2033 1151 2082 et
1165 2021 1228 2081 He·

132 2098 205 2159 lena
222 2101 337 2183 ligliola
357 2104 396 2164 de
409 2106 524 2167 Lazaro
546 2126 605 2166 con
626 2106 648 2166 li
670 2107 740 2165 altri
759 2104 807 2165 soi
828 2104 893 2166 lioli
912 2118 942 2165 et
965 2124 1024 2164 con
1047 2102 1150 2165 tutto’l
1172 2123 1229 2165 suo

132 2184 271 2262 imperio
295 2188 505 2249 miseramente
526 2188 667 2249 doveano
692 2208 799 2249 cazere
824 2188 926 2249 sotto'l
948 2186 1086 2247 dominio
1110 2196 1140 2245 et
1162 2206 1230 2247 aer.

133 2265 203 2325 vitia
224 2268 266 2329 de
288 2269 421 2331 Paiasite
438 2270 586 2353 principa
606 2271 645 2332 de
658 2270 794 2347 Tarchi,
814 2292 903 2331 come
922 2268 952 2331 la
972 2269 1102 2331 historia
1124 2278 1229 2329 nostra

138 2352 245 2410 avanti
266 2352 306 2413 ha
329 2354 531 2416 demostrato.
556 2355 708 2417 Ottenoto
728 2354 874 2438 adunque
895 2352 1101 2414 Cathacusino
1124 2350 1151 2411 el
1173 2352 1232 2414 do·

139 2436 285 2497 mandato
302 2437 387 2500 aiuto
408 2438 449 2499 da
473 2439 600 2500 Stefano
621 2439 660 2499 de
681 2439 807 2515 Servia,
827 2449 857 2496 et
877 2437 985 2498 saetosi
1007 2458 1077 2497 com
1102 2435 1171 2517 agni
1192 2435 1232 2500 de

138 2537 249 2596 guerra
270 2531 383 2582 contra
402 2520 431 2583 la
456 2524 533 2600 cita,
568 2511 598 2582 el
620 2520 897 2603 apparechiandosi
919 2519 979 2581 alla
1002 2457 1147 2580 illaudata
1169 2518 1230 2578 im.

139 2621 243 2679 presa,
268 2601 296 2664 la
322 2607 521 2686 imperatrice
541 2605 592 2666 col
610 2627 668 2666 suo
691 2605 845 2686 conseglio
862 2615 892 2666 et
912 2613 993 2664 tutto
1011 2604 1040 2664 la
1062 2603 1124 2664 citt
1143 2601 1231 2685 pieni

139 2685 178 2743 de
198 2685 363 2746 formidine
375 2690 469 2748 molto
481 2709 730 2748 comenzaronoa
752 2687 907 2764 dubitare,
928 2687 1000 2768 ogni
1041 2686 1132 2748 iorno
1155 2706 1229 2747 con-

138 2765 291 2846 sigliando
311 2772 520 2853 etpeosando
534 2772 562 2831 lo
578 2770 660 2831 mala
679 2771 806 2832 samona
828 2771 867 2832 de
882 2771 984 2846 Greci,
1008 2709 1064 2832 cic
1085 2769 1107 2830 li
1129 2789 1228 2829 mem.

138 2848 187 2909 bri
210 2854 334 2933 prendo
355 2854 383 2915 le
402 2876 485 2916 arme
509 2867 617 2915 contra
635 2855 663 2916 el
684 2876 741 2915 suo
756 2875 858 2938 capo,
884 2865 914 2918 et
934 2853 991 2915 che
1013 2854 1073 2913 liue
1096 2853 1227 2914 doverae

138 2931 234 2996 haver
265 2948 351 2996 tanta
386 2937 586 3004 adversitade.
619 2942 654 3000 ln
676 2949 786 3020 questo
809 2949 914 3019 tempo
938 2957 970 2998 se
990 2935 1059 2996 levo
1081 2937 1205 2996 Homur
1219 2969 1269 3025 ,η
1361 2996 1367 3011 ,

139 3036 202 3077 uno
224 3019 257 3080 di
280 3019 388 3100 flgtioti
404 3022 443 3082 de
456 3021 561 3098 Arhia,
581 3022 695 3103 Signor
717 3021 756 3081 de
769 3021 903 3092 Smiroe,
925 3041 985 3102 per
1009 3017 1038 3078 la
1059 3019 1110 3078 cui
1131 3029 1229 3082 morta
1274 3029 1277 3042 '

138 3097 233 3162 havea
254 3123 397 3164 successo
411 3104 441 3164 la
460 3104 596 3187 signoria
617 3116 753 3186 paterna.
774 3105 836 3164 Era
856 3105 949 3164 homo
973 3111 1036 3162 atto
1059 3100 1117 3163 alle
1138 3123 1229 3185 guer-

139 3203 183 3258 re,
204 3197 356 3258 strenuo,
379 3197 480 3248 astuto
505 3199 536 3248 ct
557 3186 681 3248 audace.
723 3199 833 3268 questo
855 3207 912 3268 per
931 3184 960 3247 el
980 3185 1049 3248 aino
1070 3184 1150 3246 della
1171 3205 1228 3246 ne.

138 3285 259 3331 morosa
296 3269 385 3330 lonia
421 3270 518 3330 havea
546 3269 627 3330 facto
656 3281 834 3331 construere
861 3271 953 3331 molta
972 3289 1051 3330 nave
1072 3269 1228 3346 oneraria,

139 3351 217 3431 galia
238 3353 365 3415 etfaute
381 3352 502 3435 longhe.
541 3354 583 3414 Et
601 3362 724 3413 carcate
752 3353 782 3413 le
803 3374 883 3414 nave
902 3353 940 3414 de
960 3351 1079 3430 cavalli,
1103 3351 1143 3414 de
1156 3375 1226 3412 mu.

138 3431 260 3497 nitione
279 3445 312 3496 et
332 3457 427 3515 arma,
451 3447 481 3496 et
501 3436 530 3497 le
548 3435 628 3518 galie
646 3445 676 3497 et
691 3436 770 3496 fuste
790 3447 905 3496 armate
927 3436 966 3496 de
980 3435 1121 3498 valorose
1140 3444 1228 3496 rente

139 3516 329 3596 pirratiche,
351 3520 498 3580 comenzo
522 3542 541 3579 a
560 3541 702 3582 scorrere
721 3517 749 3578 el
778 3541 860 3580 mare
885 3519 983 3580 Ionio.
1024 3519 1066 3580 Et
1085 3539 1175 3600 preso
1197 3515 1227 3580 la

139 3599 198 3661 eiu
219 3602 259 3663 de
283 3601 451 3663 Mothilino
478 3617 508 3664 et
529 3614 609 3664 tutta
637 3601 759 3663 l’iosola
780 3602 819 3664 de
838 3602 959 3678 Lesbo,
981 3603 1091 3686 Chyo‚
1113 3601 1226 3678 Samo,

138 3685 222 3744 Naxo
243 3695 276 3746 et
296 3695 373 3746 tutte
390 3684 419 3747 le
440 3685 537 3748 insule
560 3684 789 3760 circumvicine,
813 3695 844 3746 et
868 3685 1004 3748 vexando
1026 3687 1145 3748 Homur
1168 3705 1226 3746 con

138 3767 167 3824 la
190 3789 246 3828 sua
269 3781 386 3830 arrnata
406 3766 434 3831 le
456 3769 555 3831 insule
577 3771 700 3831 Ciclade
722 3781 752 3830 et
773 3769 847 3831 tutti
867 3768 877 3828 i
901 3770 948 3831 liti
977 3769 1016 3830 dc
1039 3767 1142 3842 looia,
1180 3768 1228 3827 in-

137 3859 200 3912 tese
220 3851 253 3912 le
277 3851 431 3914 discordie
441 3854 473 3915 di
496 3853 607 3932 Greci,
627 3863 659 3914 et
678 3873 767 3912 come
783 3853 888 3914 Zoana
908 3853 1112 3914 Cathacusino
1132 3850 1227 3912 homo

141 3955 296 4013 generoso
321 3947 352 3996 et
370 3959 418 3996 ma
462 3937 586 4013 animo,
616 3936 742 3997 desceso
767 3931 829 3996 'deti
849 3936 993 4009 semidei,
1016 3933 1113 3994 havca
1136 3953 1227 4015 preso

139 4013 168 4076 le
187 4039 275 4080 arme
291 4029 400 4080 contra
419 3959 460 4080 ff
469 4041 523 4083 sua
545 4021 655 4102 patria.
696 4017 792 4078 Aloro
806 4021 906 4081 Omur
926 4026 1132 4100 sagacemente
1152 4039 1228 4100 peu-

139 4102 237 4161 sando
285 4111 373 4162 nesto
393 4123 474 4164 esser
496 4104 524 4164 el
546 4115 650 4182 tempo
675 4112 827 4182 oportuno
849 4105 888 4163 de
910 4100 1037 4162 mandor
1058 4099 1097 4160 ad
1117 4101 1227 4162 effecto

141 4183 168 4240 el
189 4205 246 4243 suo
263 4123 367 4266 ionga
388 4186 551 4267 pensiero,
580 4185 703 4246 subbito
728 4205 786 4244 con
807 4185 973 4264 cinquanta
995 4183 1062 4244 vele
1082 4185 1173 4244 antro
1196 4184 1226 4245 in

140 4262 173 4326 lo
193 4265 396 4350 Hellesponto
416 4280 447 4330 ct
468 4290 566 4332 venae
597 4271 636 4332 ad
657 4267 816 4352 Galipoli3
853 4267 932 4332 ouda
955 4267 1148 4332 desmoatato
1169 4289 1227 4351 per
