3075 4825
318 421 477 488 rraarce
512 423 763 488 carcaram
803 423 992 489 saccaro.
1108 399 1196 511 499

198 571 379 637 Retomamo
400 575 520 637 horraei
543 577 572 638 ai
599 587 683 638 resto
700 575 780 638 delia
798 575 937 638 historia.
979 575 1038 639 Nel
1059 579 1196 640 secundo

123 676 199 718 enno
217 657 291 718 ch'ei
313 659 412 719 ‹lucha
433 659 465 720 fo
487 660 568 720 facto
593 660 700 740 signor
720 659 757 722 de
771 660 1059 741 Constantinopoli,
1082 660 1141 722 che
1162 663 1196 724 fo

121 740 167 800 dal
187 740 338 822 principio
360 743 407 802 det
429 744 546 803 mundo
570 743 742 826 ne16933,
770 744 897 804 essendo
917 743 948 802 in
970 745 1196 826 Andrinopoii,

120 841 248 884 vennero
278 823 373 886 fereri
403 823 444 894 ¹da
464 825 552 887 Rodo
582 847 639 908 per
667 826 816 888 inclinare
843 826 872 887 ai
900 825 1020 902 ducha,
1044 827 1196 909 portando

121 907 200 968 molti
221 906 316 967 ricchi
338 907 422 975 doni.
475 908 740 988 Domandarono‚
763 929 848 969 come
867 909 1007 970 amiciet
1026 909 1101 972 boni
1120 911 1197 971 vici·

118 989 162 1066 ni,
205 989 350 1052 odesseun
372 1008 554 1052 conversare
577 1001 607 1052 et
627 1001 817 1052 mercantare
837 993 869 1052 in
889 994 919 1053 ie
937 1001 1026 1074 parte
1046 993 1084 1053 de
1104 992 1197 1053 Caria

119 1081 149 1134 et
193 1071 343 1156 dyeia,
376 1073 465 1134 etde
490 1075 590 1154 quelle
614 1084 711 1216 ¹parte
740 1075 906 1156 pedesseno
927 1078 1030 1135 venire
1049 1097 1067 1134 a
1087 1073 1197 1136 Rhodo

115 1167 321 1216 securamente
340 1155 361 1216 li
382 1159 561 1218 mercatanti
583 1179 600 1217 a
627 1178 663 1218 ar
684 1154 712 1217 le
733 1177 786 1218 sue
807 1159 1006 1218 mercatantie
1029 1167 1060 1218 et
1078 1169 1197 1218 mante-

116 1257 170 1299 ner
190 1238 321 1299 amicitia
350 1245 380 1300 ct
399 1259 472 1320 pace
493 1261 553 1300 con
580 1239 665 1321 pacti
698 1249 728 1300 et
748 1243 949 1322 promissione
969 1241 1196 1302 sacramentali.

116 1319 154 1383 El
179 1331 313 1404 tyranno
343 1319 498 1386 domando
532 1323 664 1382 tributo.
715 1323 753 1382 Li
781 1323 978 1383 ambaxadori
1002 1345 1159 1406 resposero
1179 1327 1257 1386 aino

114 1415 220 1546 parata
252 1403 405 1465 domanda
433 1403 483 1467 lor
509 1425 570 1464 non
597 1406 692 1486 poder
718 1405 778 1465 dar
804 1409 946 1486 risposta.
1003 1407 1038 1466 Li
1059 1405 1198 1488 messagii

136 1487 164 1547 ei
183 1487 283 1548 ducha
316 1487 437 1549 dissono
466 1486 517 1548 alii
553 1487 767 1548 ambaxadorit
790 1509 823 1548 ae
843 1509 906 1548 non
929 1489 1034 1550 darete
1054 1489 1197 1564 tributo,

113 1584 179 1630 non
213 1571 360 1632 haverete
413 1591 466 1632 ace
502 1569 552 1632 dal
581 1569 681 1630 ducha
692 1617 703 1648 ,
724 1571 840 1654 perche
868 1573 964 1633 coetui
985 1570 1002 1633 ir
1021 1574 1141 1655 signore
1161 1573 1200 1632 de

112 1659 196 1714 tutte
214 1655 243 1714 le
264 1655 361 1716 insule
380 1593 522 1736 ‹iil‘Egen
542 1655 609 1736 pala
630 1674 660 1719 o.
701 1651 790 1729 Chio,
813 1653 925 1732 Limni‚
948 1655 1046 1716 Lesbo
1067 1663 1098 1717 et
1120 1664 1201 1716 tutte

110 1732 211 1798 Paitre
229 1739 327 1798 insule
357 1737 461 1798 hanno
488 1737 561 1798 dato
594 1673 811 1815 oibedientia,
832 1748 863 1798 et
883 1735 946 1798 cosi
967 1737 1063 1798 forata
1084 1738 1202 1799 anchor

110 1821 173 1882 voi.
216 1819 255 1880 S'e
279 1841 342 1896 no,
364 1819 507 1881 haverete
527 1819 644 1902 grande
664 1839 775 1902 guerra
796 1819 835 1880 da
850 1821 913 1882 noi.
955 1821 996 1881 El
1016 1823 1123 1902 signor
1144 1820 1202 1881 de·
1311 1883 1318 1890 ,

109 1902 231 1963 rtrnera
257 1902 288 1963 le
321 1902 420 1963 insula
451 1912 483 1964 et
516 1901 538 1964 li
562 1900 641 1963 iochi
676 1904 892 1965 circumstanti.
945 1904 983 1963 Li
1006 1900 1202 1964 ambaxadori

107 1983 195 2126 iii
196 2005 264 2127 ⁸22⁰
274 2005 475 2128 ‘diffidi
478 2006 616 2128 ”riis
626 1983 677 2127 '¹13¹
690 1984 820 2127 ‹iii›di
840 1983 934 2130 Epa
956 1982 1006 2127 iii
1023 1984 1146 2127 itit
1168 1995 1200 2048 ‘⁸

107 2149 161 2212 tra
179 2148 238 2209 dar
258 2088 377 2210 tiibuto
401 2159 433 2211 et
453 2089 531 2210 altio
542 2089 606 2212 tiiie
638 2089 796 2249 miserita·
812 2151 895 2213 citra.
907 2089 999 2248 seiioi
1023 2089 1201 2212 veredariis

105 2231 1079 2394 timii?tritta‘'t'dtssxtttttaittttt
1090 2232 1203 2374 ,tata

105 2416 175 2461 uno
198 2397 232 2459 di
250 2397 296 2461 sni
320 2399 400 2469 servi
422 2401 542 2467 famosi.
583 2401 699 2462 Venuti
724 2399 889 2479 aRhodo‚
912 2399 940 2460 el
982 2421 1038 2459 ran
1061 2399 1198 2472 maistro,

107 2481 208 2543 aidite
233 2484 261 2543 le
280 2484 389 2565 parole
411 2494 442 2547 et
463 2484 492 2546 ia
517 2484 692 2546 conclusiva
712 2482 865 2544 domanda
886 2482 937 2543 dcl
957 2422 1069 2556 dueta,
1093 2501 1202 2562 respo·

105 2584 141 2627 se
163 2563 196 2626 ai
218 2586 331 2628 servor
362 2580 468 2650 questa
498 2578 581 2628 terra
601 2588 663 2628 non
684 2566 701 2627 ὲ
723 2568 808 2642 mia,
830 2586 878 2626 ma
896 2569 925 2627 io
947 2586 1022 2627 sono
1042 2564 1082 2625 ad
1103 2565 1201 2625 obhe-

105 2648 230 2710 dientia
261 2647 312 2709 del
339 2670 439 2733 papa,
468 2672 556 2711 come
588 2660 624 2709 tu
643 2646 673 2711 al
700 2658 757 2711 tuo
787 2651 916 2730 signore.
960 2648 1000 2709 El
1020 2668 1101 2729 papa
1122 2642 1202 2707 m'ha

102 2731 300 2793 comandato
332 2733 409 2795 ch’io
441 2755 502 2794 non
538 2732 613 2812 daga
636 2730 755 2794 tributo
784 2732 966 2802 naissum,
990 2742 1019 2791 et
1041 2751 1101 2791 non
1122 2729 1202 2789 sola·

102 2824 214 2876 mente
240 2816 291 2875 nol
310 2816 385 2899 daga
412 2816 441 2877 ai
462 2828 517 2877 tuo
538 2816 662 2898 signer,
692 2817 720 2877 el
741 2814 832 2898 quale
853 2816 870 2876 ὲ
892 2814 930 2874 de
949 2812 1025 2873 altra
1052 2812 1128 2888 iare,
1152 2832 1203 2873 ma

101 2918 121 2959 a
139 2902 277 2960 niamm
298 2899 491 2983 imperadore
511 2900 592 2961 della
615 2899 746 2981 propria
770 2898 847 2965 fede.
889 2898 967 2957 Dico
988 2896 1130 2975 adunque
1146 2896 1203 2955 che

101 3000 137 3043 te
159 2982 242 3045 vole
262 3000 344 3043 esser
374 2984 513 3059 amicho,
543 2994 573 3043 ct
594 2982 652 3043 che
672 2982 784 3043 mande
806 2980 999 3041 ambaradori
1022 2980 1094 3061 ogni
1119 2996 1202 3039 anno

103 3064 156 3125 ale
178 3065 247 3125 mie
278 3084 382 3146 mese,
414 3064 609 3127 salutandoio
641 3084 726 3126 come
752 3063 856 3124 vicino
891 3076 921 3124 et
943 3062 1058 3144 grande
1080 3060 1260 3137 drachman

100 3147 167 3209 ben
186 3168 223 3211 re
244 3146 319 3211 fera.
346 3148 385 3209 Se
405 3168 478 3223 non,
498 3148 591 3208 sancia
612 3148 715 3229 quello
730 3146 786 3208 che
806 3169 861 3229 po.
884 3146 949 3207 Con
973 3156 1078 3229 questa
1098 3142 1205 3205 altiera

103 3242 256 3313 resposta
285 3230 409 3292 licentio
439 3230 471 3291 lu
496 3230 634 3291 schiaro.
691 3230 796 3291 Aidito
826 3230 854 3291 el
874 3239 1006 3312 tyranno
1041 3228 1070 3290 ie
1095 3226 1205 3310 parole

99 3316 252 3395 superbe
271 3312 320 3375 del
341 3333 418 3395 gran
440 3315 583 3387 maistro,
604 3316 687 3374 irato
711 3312 814 3374 subito
837 3312 900 3373 fece
921 3311 969 3372 far
985 3312 1070 3373 eride
1093 3322 1123 3372 et
1144 3332 1206 3393 pu·

100 3398 215 3459 hricar
246 3396 276 3457 ia
304 3416 415 3479 guerra
438 3416 496 3456 con
529 3394 648 3473 Rhodi,
670 3405 700 3456 et
721 3394 779 3455 che
799 3396 837 3455 ad
860 3396 999 3456 cadauno
1020 3394 1100 3456 fosse
1119 3394 1205 3455 licito

99 3480 216 3542 nndnr
241 3478 301 3540 aila
322 3478 492 3539 vastatione
512 3478 590 3538 delia
604 3478 700 3539 insuia
721 3477 759 3537 de
777 3477 876 3538 Rhodi
900 3488 930 3538 et
944 3479 1046 3539 damni
1067 3477 1205 3538 deRho·

100 3566 211 3630 dinni.
255 3565 292 3622 Li
312 3562 427 3623 Turchi
458 3562 514 3622 che
545 3561 692 3622 habitano
723 3562 755 3621 in
779 3561 870 3621 Caria
890 3582 1053 3622 armarono
1074 3559 1154 3620 fuste
1175 3567 1206 3619 et

99 3648 235 3708 harche
261 3645 320 3705 fine
353 3668 371 3705 a
390 3646 499 3723 XXX,
531 3656 562 3705 et
580 3649 689 3727 passati
721 3644 792 3705 insd
811 3643 951 3719 l'insula,
986 3664 1073 3705 come
1091 3642 1206 3725 pirati,

99 3730 227 3791 hanno
249 3739 404 3789 correzato
423 3736 455 3789 et
487 3748 563 3807 ¹roso
584 3730 685 3788 anime
705 3727 766 3788 fine
787 3727 827 3788 ad
848 3726 897 3809 do.
919 3737 951 3789 et
970 3728 1152 3789 rimilmente
1171 3724 1204 3784 in

100 3813 135 3875 ia
163 3810 272 3873 insuia
295 3810 332 3871 de
355 3812 429 3874 Coa.
471 3750 620 3871 i'enendo
642 3808 671 3871 ia
690 3811 994 3893 primaveraordeno
1017 3808 1135 3892 grande
1155 3828 1207 3867 ar·
1295 3827 1299 3835 ¹

98 3906 223 3965 mata,
247 3891 325 3977 geiie
346 3913 450 3974 grosse
470 3892 527 3970 25,
549 3893 627 3953 suste
650 3892 698 3970 50,
719 3892 835 3955 barche
857 3894 971 3977 piade
999 3914 1063 3956 roo.
1086 3892 1117 3952 in
1139 3898 1206 3951 tut⁴

97 3988 137 4038 to
163 3978 201 4037 fo
225 3987 384 4037 numerate
406 3978 468 4036 fine
490 3977 527 4036 ad
557 3974 612 4038 180
634 3976 713 4038 vela
759 3976 818 4038 Del
836 3998 919 4038 meze
940 3977 979 4037 de
999 3977 1108 4055 Zugno
1128 3992 1206 4034 ren.

99 4082 195 4123 nero
222 4058 260 4120 ad
281 4059 428 4120 Mitiiino.
472 4056 642 4142 dmiraglio
663 4058 849 4120 dell’armata
869 4060 902 4120 fo
924 4060 1063 4134 Gemma,
1083 4060 1207 4140 pincer·

98 4166 149 4203 na
173 4142 230 4202 del
253 4152 344 4225 patre
365 4140 549 4213 deiduch'a.
592 4142 876 4225 Approximandose
903 4140 952 4203 aia
973 4151 1051 4201 terra
1071 4164 1134 4201 non
1158 4138 1207 4202 in·

98 4226 164 4285 tri)
203 4222 235 4284 in
265 4238 381 4309 porto,
411 4248 461 4287 ma
488 4226 618 4309 girando
647 4227 686 4287 da
709 4225 786 4285 altra
818 4222 918 4286 banda
939 4246 1022 4285 aorse
1044 4246 1103 4285 con
1126 4236 1207 4287 tutta

99 4306 267 4375 l'armata.
309 4311 348 4373 Ei
369 4311 473 4393 signor
495 4310 534 4371 dc
549 4307 696 4370 Metelino
716 4306 828 4368 mando
845 4318 898 4369 'me
917 4311 1052 4392 scriptor
1071 4309 1109 4370 dc
1130 4328 1207 4393 quc·
