3075 4825
414 333 471 403 sn
507 333 597 401 err.
626 333 910 402 ninnurrn
1114 306 1201 398 585

124 507 225 550 moros
245 508 307 550 esse
327 485 413 552 dicit.
435 485 539 548 endem
560 489 651 550 etism
670 486 1003 571 significentGregorse
1020 487 1114 552 verbs
1133 489 1204 555 loos

125 572 234 647 citato,
258 571 311 654 qui
336 592 392 633 eos
413 569 533 632 Graecis
554 569 734 667 Latinisque
754 571 892 634 moribus
908 571 1050 636 adsuetos
1070 572 1144 636 dicit
1162 573 1204 636 eb

123 653 169 716 his
189 653 417 728 fortitudinem,
441 652 480 714 ab
502 652 560 714 iliis
580 655 739 716 audacium
758 653 908 716 didicisse.
991 698 995 714 .
1196 695 1200 701 .

203 737 241 799 P.
268 735 338 816 ι43,
364 758 390 799 r.
431 728 460 796 ni
480 732 515 796 δὲ
531 737 589 797 τοῦ
607 731 734 818 Mupris
756 733 981 822 δοκιμώτατοι]
1023 738 1204 818 Qustu·

122 841 169 882 oss
193 823 362 882 orationem
383 819 507 880 Veniros
525 818 564 882 ad
583 821 734 882 Moretem
753 819 894 883 hahuisse
913 819 973 882 hoc
993 820 1062 884 ioco
1084 833 1201 897 namt,

122 905 247 985 quicum
266 903 390 964 historia
411 903 601 963 Verentinna
624 902 707 985 apud
722 902 938 967 Leunolurium
958 906 1204 984 consentirem

120 985 159 1048 sd
173 987 334 1048 Bainzitem
347 987 470 1050 Bessum
490 983 556 1047 illos
570 985 711 1048 habuisse
724 988 857 1050 Morstes
866 988 1101 1069 Dregomsnnus
1121 990 1204 1071 opud

120 1069 251 1130 eundem
271 1071 385 1130 asserit.
407 1071 440 1130 in
461 1068 619 1130 narrandis
643 1071 725 1131 enim
746 1069 836 1132 rebus
857 1069 941 1134 hisce
961 1092 979 1134 a
998 1072 1129 1141 Beienite
1148 1093 1204 1154 ge-

119 1153 173 1215 stis
197 1153 331 1215 Moretes
356 1174 374 1214 ο
396 1151 482 1214 Duce
509 1164 539 1215 et
569 1153 760 1216 Verentisno
785 1153 913 1216 historin
933 1153 1105 1236 discrepet,
1128 1154 1204 1216 dum

118 1234 244 1296 Rassnm
275 1233 363 1296 ilium
392 1234 432 1297 sd
452 1233 550 1296 solem
571 1236 684 1296 fumum
703 1238 842 1318 prosperi
861 1257 967 1300 rerum
988 1235 1203 1321 Mustsphaea·

119 1337 189 1378 rum
210 1337 363 1380 successus
382 1339 400 1380 s
421 1320 540 1382 Morste
561 1317 702 1380 defecisse
719 1319 838 1381 scribit.

203 1401 241 1463 P.
267 1399 335 1480 ¹44,
358 1399 389 1462 5.
430 1398 485 1479 τῆς
501 1395 706 1482 προηοοτίδος
726 1400 787 1464 τοῦ
808 1396 899 1483 ἱεροῦ
917 1398 1061 1484 οτομτοο]
1100 1403 1203 1466 Duces

119 1481 292 1565 Bosporum
317 1483 503 1558 Thrsoiunr,
539 1505 675 1546 errorem
700 1483 785 1568 vulgi
814 1495 953 1562 secutus,
985 1486 1204 1568 Propontidem

117 1587 282 1650 perperam
313 1578 422 1630 ronst:
457 1567 515 1632 iilis
537 1567 653 1650 quippe
680 1567 868 1652 temporibus
887 1569 978 1630 bione
998 1569 1204 1651 Propoetides

117 1671 136 1710 n
160 1650 285 1712 Graecis
303 1651 452 1732 imperitis
473 1651 658 1714 ferebantur.
703 1652 806 1712 Codex
828 1652 904 1734 neg.
928 1653 1002 1714 MS:
1022 1651 1204 1730 Προποντί-

116 1729 173 1804 δος
193 1726 269 1830 dsip,
303 1729 325 1816 ’i
352 1731 412 1811 μὲν
431 1732 509 1798 κατὰ
539 1723 760 1832 τῆν’Ἀβοδοο,
788 1729 865 1814 ἠδὲ
888 1729 967 1832 κατὰ
988 1730 1022 1794 τὸ
1043 1729 1130 1814 ἱερὸν
1148 1729 1205 1796 κοτ’

114 1816 674 1980 ssidssdsisltirionwicipdddus‘dpiidswdd
684 1815 857 1982 Edildorisdns
873 1818 1010 1980 [pidiiiirusit]
1016 1832 1205 1980 istiscddidmei

114 1980 175 2042 ubi
194 1981 226 2041 in
248 1985 488 2064 angustissimam
517 1981 708 2051 latitudinem
732 1993 888 2044 coartetur
909 1983 1034 2043 fretum.
1057 1985 1089 2042 in
1109 1991 1203 2044 utro.

116 2084 181 2146 que
201 2065 304 2126 littore
324 2077 461 2127 cestrum
481 2064 675 2130 aedificatum
696 2078 752 2128 est.
797 2062 909 2127 Cillius
930 2063 1021 2127 libs
1038 2084 1105 2146 cup.
1125 2065 1144 2126 5
1164 2065 1205 2128 de

113 2145 255 2230 Bosporo
277 2149 410 2211 Thracio
430 2148 599 2211 adeundus.

203 2227 242 2289 P.
270 2229 339 2310 144,
362 2252 414 2296 ss.
464 2228 585 2312 μεγάλη
615 2226 755 2316 Kapria]
809 2228 1004 2303 Ptolemaeus
1022 2241 1053 2290 et
1071 2228 1203 2312 Stepha-

113 2333 178 2374 nus
199 2311 230 2374 iu
248 2312 381 2376 Thracio
402 2314 593 2378 Chersoneso
615 2313 730 2378 hahent
750 2313 921 2395 Κορδάτνς
944 2334 1038 2396 quam
1059 2313 1202 2375 Domini.

111 2418 171 2459 eus
192 2399 309 2459 Murius
326 2397 423 2480 Niger
442 2408 608 2461 comment.
628 2420 663 2461 ro
684 2400 716 2462 in
737 2399 854 2480 Europ.
878 2396 1101 2479 Geogrsphium
1123 2395 1205 2471 Cer-2

112 2480 282 2561 dinspohm
301 2480 444 2563 appellet.
467 2481 552 2543 iliam
573 2504 698 2566 quoque
720 2481 865 2545 exhibent
877 2480 1000 2542 tabulae
1012 2478 1241 2561 Geographi-v·
1258 2476 1307 2535 ¹86

110 2585 171 2626 cae
196 2564 372 2626 Gnosiorum
402 2567 433 2626 in
465 2564 654 2629 Chersoneso
680 2566 854 2645 Thracica,
879 2583 959 2647 qnae
979 2562 1205 2645 proculdubio

110 2648 169 2709 illa
192 2657 237 2707 est
254 2639 375 2729 μεγάλη
397 2639 532 2728 Κάριο,
588 2671 623 2709 ro
641 2646 795 2727 Kapdr'u,
814 2669 833 2709 e
854 2646 978 2708 Graccis
1000 2646 1134 2729 antiquis
1152 2669 1206 2729 ep-

107 2729 243 2813 pellats.
284 2730 487 2797 Leunclevius
508 2731 539 2793 in
561 2670 897 2793 iendectis'Historiue
916 2730 1065 2791 Turcicee
1085 2749 1149 2811 cup.
1163 2729 1205 2792 26

108 2814 145 2875 in
175 2812 310 2875 Thracis
329 2812 523 2897 Cherepolim
553 2814 649 2892 locat,
669 2836 763 2897 quarn
784 2812 893 2875 Graeci
918 2810 1128 2894 Chariupoiim
1147 2834 1207 2895 aps

106 2896 246 2979 pellant.
290 2895 405 2959 Notitie
423 2898 662 2979 Episcopatuum
688 2898 746 2961 sub
768 2895 944 2982 patriarcha
964 2896 1131 2979 Byzantion
1153 2916 1205 2956 ex·

105 2980 204 3043 hibet
218 2972 430 3059 Xsprosinotsv
444 2980 633 3043 Heracleensi
645 2980 795 3045 Threciae
807 2979 1021 3062 metropolitae
1038 2978 1204 3041 subditum.
1212 2988 1239 3042 P.
1249 2989 1301 3061 248

105 3065 344 3125 Centncuzenus
372 3061 426 3123 lib.
456 3084 482 3123 r.
513 3086 580 3146 cop.
600 3063 642 3144 4ο
673 3064 767 3127 hebet
803 3063 895 3127 etiem
916 3061 1104 3123 mentionem
1124 3061 1206 3123 iliius

106 3148 225 3209 urbis:
252 3139 374 3225 μεγάλη
406 3139 543 3227 Kapria,
574 3140 653 3208 κατὰ
679 3147 736 3208 τοῦ
766 3148 912 3226 Λίπηκος
929 3139 1093 3225 λεγόμενον
1112 3132 1207 3223 ὅρος,

107 3232 238 3309 Magna
260 3227 366 3307 Carya
388 3228 477 3289 iuxta
499 3228 634 3312 Lspicem
662 3244 793 3291 montem
813 3232 882 3293 sita.
904 3228 959 3290 lib.
980 3230 1000 3291 3
1018 3248 1085 3310 esp.
1106 3225 1146 3311 76
1166 3226 1206 3289 de

108 3338 148 3376 cn
172 3313 334 3395 loquitur,
357 3311 397 3371 itn
419 3322 454 3372 ut
474 3310 642 3371 Hexsmilio
664 3311 843 3374 Chersonesi
862 3310 1011 3375 Thracios
1029 3310 1206 3391 vicinnsi13

106 3398 169 3459 ubi
193 3405 226 3457 et
245 3414 312 3473 cnp.
336 3395 428 3455 etism
446 3416 483 3477 77
505 3394 586 3457 iiiam
608 3394 819 3475 Choriupoiim
839 3406 941 3456 vocnt.

201 3476 239 3539 Ρ.
269 3474 336 3549 151,
359 3478 391 3538 5.
435 3472 539 3539 ἐλθών
560 3474 595 3538 di
616 3472 634 3537 d
659 3472 814 3559 Υςινοὴτ]
855 3475 1081 3539 Leonicuslib.
1104 3472 1205 3537 5132·

105 3561 238 3623 incitem
267 3558 388 3621 Bessum
419 3559 498 3622 iussu
528 3558 709 3641 Mustephue
740 3558 957 3638 interfectum,
991 3571 1022 3621 et
1050 3557 1206 3619 Phrnnzes
1302 3632 1311 3640 η

104 3644 170 3705 lib.
204 3661 229 3703 r.
259 3663 327 3724 esp.
357 3644 568 3725 (inscriptum
597 3644 761 3725 reliquere.
805 3642 1008 3706 Leunelsvius
1027 3639 1084 3701 lib.
1111 3640 1146 3701 13
1168 3660 1206 3701 ex

103 3724 247 3791 historio
256 3722 443 3786 Veruntiana
456 3724 551 3787 trudit
560 3726 694 3788 occisum
706 3726 797 3788 fuisse
809 3727 987 3787 Vesirorom
999 3723 1127 3800 invidia,
1137 3724 1206 3805 qui¹

104 3821 147 3875 ut
172 3805 290 3867 diutius
310 3808 411 3869 Veziri
441 3830 569 3871 monere
595 3810 676 3893 apud
699 3809 894 3891 Mustsphsm
915 3808 1117 3891 fungeretur,
1141 3802 1206 3887 pati

101 3888 297 3973 nequibunt.
322 3892 485 3969 erMornte
497 3891 713 3975 Drngomnnno
727 3891 812 3954 nddit
829 3903 972 3955 necatum
991 3890 1083 3988 inisse
1101 3891 1134 3950 in
1154 3888 1209 3965 lo·¹

102 3972 1205 4141 {ttt't'ttitt2:2⁶5‘qtt‘ttnitttmttttttffi‘tsitta?

102 4146 171 4212 isse
199 4140 387 4207 versutione
408 4140 535 4203 historia
557 4154 671 4215 narrat.
1204 4191 1211 4215 2

203 4222 241 4287 P.
269 4228 338 4306 rba,
372 4246 425 4305 s.¹
454 4219 482 4285 oi
513 4224 634 4306 dissic
664 4218 954 4305 Κολλιοοτιόλτως]
1002 4223 1150 4286 Leonicus
1173 4232 1203 4284 et
