<?xml version="1.0" encoding="UTF-8"?>
<!DOCTYPE html PUBLIC "-//W3C//DTD XHTML 1.0 Transitional//EN"
    "http://www.w3.org/TR/xhtml1/DTD/xhtml1-transitional.dtd">
<html xmlns="http://www.w3.org/1999/xhtml" xml:lang="en" lang="en">
 <head>
  <title>
</title>
<meta http-equiv="Content-Type" content="text/html;charset=utf-8" />
  <meta name='ocr-system' content='tesseract 3.04.00' />
  <meta name='ocr-capabilities' content='ocr_page ocr_carea ocr_par ocr_line ocrx_word'/>
</head>
<body>
  <div class='ocr_page' id='page_1' title='image "./corpusscriptoru01unkngoog_0017.png"; bbox 0 0 3075 4825; ppageno 0'>
   <div class='ocr_carea' id='block_1_1' title="bbox 286 296 938 376">
    <p class='ocr_par' dir='ltr' id='par_1_1' title="bbox 286 296 938 376">
     <span class='ocr_line' id='line_1_1' title="bbox 286 296 938 376; baseline 0 -1"><span class='ocrx_word' id='word_1_1' title='bbox 286 296 315 366; x_wconf 76' lang='lat' dir='ltr'><strong>&#39;x</strong></span> <span class='ocrx_word' id='word_1_2' title='bbox 725 313 938 376; x_wconf 71' lang='lat' dir='ltr'><strong>rusulum</strong></span> 
     </span>
    </p>
   </div>
   <div class='ocr_carea' id='block_1_2' title="bbox 288 464 1461 2414">
    <p class='ocr_par' dir='ltr' id='par_1_2' title="bbox 288 464 1461 2044">
     <span class='ocr_line' id='line_1_2' title="bbox 288 464 1370 551; baseline -0.001 -27"><span class='ocrx_word' id='word_1_3' title='bbox 288 464 372 545; x_wconf 91' lang='lat' dir='ltr'><strong>quod</strong></span> <span class='ocrx_word' id='word_1_4' title='bbox 406 474 437 526; x_wconf 91' lang='lat' dir='ltr'><strong>et</strong></span> <span class='ocrx_word' id='word_1_5' title='bbox 459 464 642 527; x_wconf 77' lang='lat' dir='ltr'>anteriorum</span> <span class='ocrx_word' id='word_1_6' title='bbox 672 464 862 529; x_wconf 87' lang='lat' dir='ltr'><strong>sacculorum</strong></span> <span class='ocrx_word' id='word_1_7' title='bbox 888 466 1090 549; x_wconf 73' lang='lat' dir='ltr'><strong>castigatiores</strong></span> <span class='ocrx_word' id='word_1_8' title='bbox 1119 477 1275 541; x_wconf 74' lang='lat' dir='ltr'>auctores,</span> <span class='ocrx_word' id='word_1_9' title='bbox 1300 470 1370 551; x_wconf 91' lang='lat' dir='ltr'><strong>qui.</strong></span> 
     </span>
     <span class='ocr_line' id='line_1_3' title="bbox 290 582 1372 663; baseline 0.004 -22"><span class='ocrx_word' id='word_1_10' title='bbox 290 602 353 663; x_wconf 88' lang='lat' dir='ltr'><strong>qne</strong></span> <span class='ocrx_word' id='word_1_11' title='bbox 376 583 523 643; x_wconf 85' lang='lat' dir='ltr'><strong>sermonis</strong></span> <span class='ocrx_word' id='word_1_12' title='bbox 543 584 676 644; x_wconf 88' lang='lat' dir='ltr'><strong>nitorem</strong></span> <span class='ocrx_word' id='word_1_13' title='bbox 697 582 937 659; x_wconf 81' lang='lat' dir='ltr'><strong>allectaverunt,</strong></span> <span class='ocrx_word' id='word_1_14' title='bbox 958 583 1071 663; x_wconf 82' lang='lat' dir='ltr'><strong>fecere3</strong></span> <span class='ocrx_word' id='word_1_15' title='bbox 1093 584 1255 645; x_wconf 86' lang='lat' dir='ltr'><strong>sedetiam</strong></span> <span class='ocrx_word' id='word_1_16' title='bbox 1276 586 1372 645; x_wconf 87' lang='lat' dir='ltr'><strong>Grae·</strong></span> 
     </span>
     <span class='ocr_line' id='line_1_4' title="bbox 292 696 1372 783; baseline 0.005 -26"><span class='ocrx_word' id='word_1_17' title='bbox 292 717 326 757; x_wconf 87' lang='lat' dir='ltr'><strong>ca</strong></span> <span class='ocrx_word' id='word_1_18' title='bbox 348 696 441 759; x_wconf 87' lang='lat' dir='ltr'><strong>verba</strong></span> <span class='ocrx_word' id='word_1_19' title='bbox 465 698 596 761; x_wconf 84' lang='lat' dir='ltr'><strong>absurda</strong></span> <span class='ocrx_word' id='word_1_20' title='bbox 629 702 857 761; x_wconf 86' lang='lat' dir='ltr'><strong>constructione</strong></span> <span class='ocrx_word' id='word_1_21' title='bbox 877 719 931 760; x_wconf 88' lang='lat' dir='ltr'><strong>seu</strong></span> <span class='ocrx_word' id='word_1_22' title='bbox 953 698 1133 762; x_wconf 80' lang='lat' dir='ltr'><strong>soloecismo</strong></span> <span class='ocrx_word' id='word_1_23' title='bbox 1154 699 1314 783; x_wconf 86' lang='lat' dir='ltr'><strong>perturbat</strong></span> <span class='ocrx_word' id='word_1_24' title='bbox 1336 722 1372 763; x_wconf 90' lang='lat' dir='ltr'><strong>ac</strong></span> 
     </span>
     <span class='ocr_line' id='line_1_5' title="bbox 289 815 1373 901; baseline 0.006 -29"><span class='ocrx_word' id='word_1_25' title='bbox 289 816 461 894; x_wconf 79' lang='lat' dir='ltr'><strong>permiscet.</strong></span> <span class='ocrx_word' id='word_1_26' title='bbox 486 816 564 877; x_wconf 87' lang='lat' dir='ltr'><strong>iuter</strong></span> <span class='ocrx_word' id='word_1_27' title='bbox 584 836 690 899; x_wconf 81' lang='lat' dir='ltr'><strong>vepres</strong></span> <span class='ocrx_word' id='word_1_28' title='bbox 704 824 805 877; x_wconf 86' lang='lat' dir='ltr'><strong>tamen</strong></span> <span class='ocrx_word' id='word_1_29' title='bbox 827 816 988 900; x_wconf 78' lang='lat' dir='ltr'><strong>spinasque</strong></span> <span class='ocrx_word' id='word_1_30' title='bbox 1003 815 1069 878; x_wconf 89' lang='lat' dir='ltr'><strong>illas</strong></span> <span class='ocrx_word' id='word_1_31' title='bbox 1088 816 1143 878; x_wconf 87' lang='lat' dir='ltr'><strong>ssos</strong></span> <span class='ocrx_word' id='word_1_32' title='bbox 1165 816 1291 901; x_wconf 81' lang='lat' dir='ltr'><strong>quidam</strong></span> <span class='ocrx_word' id='word_1_33' title='bbox 1310 837 1373 878; x_wconf 91' lang='lat' dir='ltr'><strong>non</strong></span> 
     </span>
     <span class='ocr_line' id='line_1_6' title="bbox 291 928 1373 1017; baseline 0.003 -29"><span class='ocrx_word' id='word_1_34' title='bbox 291 928 435 994; x_wconf 80' lang='lat' dir='ltr'><strong>ineruditi</strong></span> <span class='ocrx_word' id='word_1_35' title='bbox 456 934 569 1016; x_wconf 83' lang='lat' dir='ltr'><strong>ingenii</strong></span> <span class='ocrx_word' id='word_1_36' title='bbox 588 954 620 995; x_wconf 88' lang='lat' dir='ltr'><strong>se</strong></span> <span class='ocrx_word' id='word_1_37' title='bbox 640 931 788 1016; x_wconf 83' lang='lat' dir='ltr'><strong>explicat:</strong></span> <span class='ocrx_word' id='word_1_38' title='bbox 811 932 924 1015; x_wconf 87' lang='lat' dir='ltr'><strong>legerat</strong></span> <span class='ocrx_word' id='word_1_39' title='bbox 944 936 1055 1017; x_wconf 87' lang='lat' dir='ltr'><strong>quippe</strong></span> <span class='ocrx_word' id='word_1_40' title='bbox 1073 954 1177 996; x_wconf 86' lang='lat' dir='ltr'><strong>sacros</strong></span> <span class='ocrx_word' id='word_1_41' title='bbox 1197 934 1293 995; x_wconf 88' lang='lat' dir='ltr'><strong>libros</strong></span> <span class='ocrx_word' id='word_1_42' title='bbox 1313 933 1373 994; x_wconf 89' lang='lat' dir='ltr'><strong>ali.</strong></span> 
     </span>
     <span class='ocr_line' id='line_1_7' title="bbox 290 1048 1374 1137; baseline -0.002 -25"><span class='ocrx_word' id='word_1_43' title='bbox 290 1070 392 1133; x_wconf 89' lang='lat' dir='ltr'><strong>osque</strong></span> <span class='ocrx_word' id='word_1_44' title='bbox 420 1048 615 1112; x_wconf 81' lang='lat' dir='ltr'><strong>historiarum</strong></span> <span class='ocrx_word' id='word_1_45' title='bbox 645 1060 804 1137; x_wconf 83' lang='lat' dir='ltr'><strong>auctores,</strong></span> <span class='ocrx_word' id='word_1_46' title='bbox 840 1050 883 1110; x_wconf 91' lang='lat' dir='ltr'><strong>ite</strong></span> <span class='ocrx_word' id='word_1_47' title='bbox 905 1060 940 1110; x_wconf 92' lang='lat' dir='ltr'><strong>ut</strong></span> <span class='ocrx_word' id='word_1_48' title='bbox 967 1049 1101 1133; x_wconf 86' lang='lat' dir='ltr'><strong>linguam</strong></span> <span class='ocrx_word' id='word_1_49' title='bbox 1123 1053 1273 1113; x_wconf 84' lang='lat' dir='ltr'><strong>Graecam</strong></span> <span class='ocrx_word' id='word_1_50' title='bbox 1292 1049 1374 1112; x_wconf 88' lang='lat' dir='ltr'><strong>anti·</strong></span> 
     </span>
     <span class='ocr_line' id='line_1_8' title="bbox 294 1165 1461 1250; baseline 0.002 -23"><span class='ocrx_word' id='word_1_51' title='bbox 294 1187 387 1249; x_wconf 88' lang='lat' dir='ltr'><strong>quam</strong></span> <span class='ocrx_word' id='word_1_52' title='bbox 420 1166 582 1244; x_wconf 73' lang='lat' dir='ltr'><strong>calluisse,</strong></span> <span class='ocrx_word' id='word_1_53' title='bbox 615 1186 722 1227; x_wconf 83' lang='lat' dir='ltr'><strong>verum</strong></span> <span class='ocrx_word' id='word_1_54' title='bbox 750 1165 903 1227; x_wconf 85' lang='lat' dir='ltr'><strong>scribendi</strong></span> <span class='ocrx_word' id='word_1_55' title='bbox 932 1186 992 1227; x_wconf 88' lang='lat' dir='ltr'><strong>usu</strong></span> <span class='ocrx_word' id='word_1_56' title='bbox 1023 1187 1060 1228; x_wconf 88' lang='lat' dir='ltr'><strong>ac</strong></span> <span class='ocrx_word' id='word_1_57' title='bbox 1079 1167 1188 1250; x_wconf 85' lang='lat' dir='ltr'><strong>peritia</strong></span> <span class='ocrx_word' id='word_1_58' title='bbox 1210 1166 1375 1229; x_wconf 85' lang='lat' dir='ltr'><strong>destitutus</strong></span> <span class='ocrx_word' id='word_1_59' title='bbox 1455 1214 1461 1219; x_wconf 78' lang='lat'><em>-</em></span> 
     </span>
     <span class='ocr_line' id='line_1_9' title="bbox 290 1280 1375 1366; baseline 0.003 -23"><span class='ocrx_word' id='word_1_60' title='bbox 290 1282 381 1343; x_wconf 71' lang='lat' dir='ltr'><strong>tuine</strong></span> <span class='ocrx_word' id='word_1_61' title='bbox 411 1282 486 1343; x_wconf 90' lang='lat' dir='ltr'><strong>mihi</strong></span> <span class='ocrx_word' id='word_1_62' title='bbox 513 1280 662 1343; x_wconf 85' lang='lat' dir='ltr'><strong>videatur.</strong></span> <span class='ocrx_word' id='word_1_63' title='bbox 686 1282 823 1343; x_wconf 87' lang='lat' dir='ltr'><strong>criticum</strong></span> <span class='ocrx_word' id='word_1_64' title='bbox 845 1294 1005 1365; x_wconf 87' lang='lat' dir='ltr'><strong>propterea</strong></span> <span class='ocrx_word' id='word_1_65' title='bbox 1024 1303 1114 1366; x_wconf 88' lang='lat' dir='ltr'><strong>agere</strong></span> <span class='ocrx_word' id='word_1_66' title='bbox 1134 1283 1239 1362; x_wconf 86' lang='lat' dir='ltr'><strong>nolui,</strong></span> <span class='ocrx_word' id='word_1_67' title='bbox 1259 1281 1309 1345; x_wconf 79' lang='lat' dir='ltr'><strong>vel</strong></span> <span class='ocrx_word' id='word_1_68' title='bbox 1334 1282 1375 1346; x_wconf 87' lang='lat' dir='ltr'><strong>de</strong></span> 
     </span>
     <span class='ocr_line' id='line_1_10' title="bbox 291 1398 1375 1481; baseline 0 -20"><span class='ocrx_word' id='word_1_69' title='bbox 291 1399 396 1461; x_wconf 82' lang='lat' dir='ltr'><strong>verbis</strong></span> <span class='ocrx_word' id='word_1_70' title='bbox 429 1398 513 1461; x_wconf 90' lang='lat' dir='ltr'><strong>litem</strong></span> <span class='ocrx_word' id='word_1_71' title='bbox 544 1398 588 1460; x_wconf 92' lang='lat' dir='ltr'><strong>illi</strong></span> <span class='ocrx_word' id='word_1_72' title='bbox 613 1420 758 1479; x_wconf 86' lang='lat' dir='ltr'><strong>movere,</strong></span> <span class='ocrx_word' id='word_1_73' title='bbox 792 1402 845 1481; x_wconf 88' lang='lat' dir='ltr'><strong>qni</strong></span> <span class='ocrx_word' id='word_1_74' title='bbox 875 1400 1084 1481; x_wconf 84' lang='lat' dir='ltr'><strong>grammatices</strong></span> <span class='ocrx_word' id='word_1_75' title='bbox 1104 1399 1222 1461; x_wconf 83' lang='lat' dir='ltr'><strong>deserto</strong></span> <span class='ocrx_word' id='word_1_76' title='bbox 1242 1398 1311 1461; x_wconf 87' lang='lat' dir='ltr'><strong>soro</strong></span> <span class='ocrx_word' id='word_1_77' title='bbox 1332 1400 1375 1461; x_wconf 86' lang='lat' dir='ltr'><strong>ad</strong></span> 
     </span>
     <span class='ocr_line' id='line_1_11' title="bbox 291 1513 1377 1597; baseline 0 -20"><span class='ocrx_word' id='word_1_78' title='bbox 291 1514 426 1577; x_wconf 84' lang='lat' dir='ltr'><strong>alienum</strong></span> <span class='ocrx_word' id='word_1_79' title='bbox 462 1517 714 1597; x_wconf 84' lang='lat' dir='ltr'><strong>peregrinumque</strong></span> <span class='ocrx_word' id='word_1_80' title='bbox 742 1536 775 1575; x_wconf 89' lang='lat' dir='ltr'><strong>se</strong></span> <span class='ocrx_word' id='word_1_81' title='bbox 795 1513 962 1576; x_wconf 80' lang='lat' dir='ltr'><strong>transtulit.</strong></span> <span class='ocrx_word' id='word_1_82' title='bbox 995 1517 1067 1576; x_wconf 88' lang='lat' dir='ltr'><strong>satis</strong></span> <span class='ocrx_word' id='word_1_83' title='bbox 1094 1514 1168 1576; x_wconf 88' lang='lat' dir='ltr'><strong>mibi</strong></span> <span class='ocrx_word' id='word_1_84' title='bbox 1197 1516 1294 1576; x_wconf 83' lang='lat' dir='ltr'><strong>visum</strong></span> <span class='ocrx_word' id='word_1_85' title='bbox 1316 1516 1377 1578; x_wconf 89' lang='lat' dir='ltr'><strong>fuit</strong></span> 
     </span>
     <span class='ocr_line' id='line_1_12' title="bbox 292 1630 1376 1713; baseline -0.004 -20"><span class='ocrx_word' id='word_1_86' title='bbox 292 1652 414 1693; x_wconf 84' lang='lat' dir='ltr'><strong>sensum</strong></span> <span class='ocrx_word' id='word_1_87' title='bbox 444 1630 609 1693; x_wconf 84' lang='lat' dir='ltr'><strong>verborum</strong></span> <span class='ocrx_word' id='word_1_88' title='bbox 635 1630 784 1713; x_wconf 87' lang='lat' dir='ltr'><strong>adsequi,</strong></span> <span class='ocrx_word' id='word_1_89' title='bbox 813 1640 844 1692; x_wconf 88' lang='lat' dir='ltr'><strong>et</strong></span> <span class='ocrx_word' id='word_1_90' title='bbox 877 1652 939 1713; x_wconf 88' lang='lat' dir='ltr'><strong>qua</strong></span> <span class='ocrx_word' id='word_1_91' title='bbox 965 1633 1051 1713; x_wconf 91' lang='lat' dir='ltr'><strong>potui</strong></span> <span class='ocrx_word' id='word_1_92' title='bbox 1071 1631 1152 1692; x_wconf 89' lang='lat' dir='ltr'><strong>bona</strong></span> <span class='ocrx_word' id='word_1_93' title='bbox 1172 1632 1230 1693; x_wconf 89' lang='lat' dir='ltr'><strong>fide</strong></span> <span class='ocrx_word' id='word_1_94' title='bbox 1250 1652 1285 1691; x_wconf 86' lang='lat' dir='ltr'><strong>oc</strong></span> <span class='ocrx_word' id='word_1_95' title='bbox 1302 1631 1376 1692; x_wconf 90' lang='lat' dir='ltr'><strong>dili.</strong></span> 
     </span>
     <span class='ocr_line' id='line_1_13' title="bbox 291 1747 1376 1833; baseline 0.002 -24"><span class='ocrx_word' id='word_1_96' title='bbox 291 1750 397 1833; x_wconf 80' lang='lat' dir='ltr'><strong>gentis</strong></span> <span class='ocrx_word' id='word_1_97' title='bbox 417 1749 448 1815; x_wconf 85' lang='lat' dir='ltr'><strong>in</strong></span> <span class='ocrx_word' id='word_1_98' title='bbox 470 1747 611 1809; x_wconf 84' lang='lat' dir='ltr'><strong>Latinum</strong></span> <span class='ocrx_word' id='word_1_99' title='bbox 643 1768 813 1809; x_wconf 84' lang='lat' dir='ltr'><strong>sermonem</strong></span> <span class='ocrx_word' id='word_1_100' title='bbox 833 1749 1032 1822; x_wconf 84' lang='lat' dir='ltr'><strong>convertere,</strong></span> <span class='ocrx_word' id='word_1_101' title='bbox 1057 1748 1088 1807; x_wconf 93' lang='lat' dir='ltr'><strong>in</strong></span> <span class='ocrx_word' id='word_1_102' title='bbox 1108 1748 1235 1831; x_wconf 86' lang='lat' dir='ltr'><strong>gratiam</strong></span> <span class='ocrx_word' id='word_1_103' title='bbox 1254 1747 1376 1811; x_wconf 84' lang='lat' dir='ltr'><strong>illorum</strong></span> 
     </span>
     <span class='ocr_line' id='line_1_14' title="bbox 294 1864 1375 1948; baseline 0.004 -23"><span class='ocrx_word' id='word_1_104' title='bbox 294 1864 347 1947; x_wconf 88' lang='lat' dir='ltr'><strong>qui</strong></span> <span class='ocrx_word' id='word_1_105' title='bbox 369 1865 503 1948; x_wconf 78' lang='lat' dir='ltr'><strong>linguam</strong></span> <span class='ocrx_word' id='word_1_106' title='bbox 525 1866 672 1925; x_wconf 82' lang='lat' dir='ltr'><strong>Graecam</strong></span> <span class='ocrx_word' id='word_1_107' title='bbox 694 1876 747 1927; x_wconf 89' lang='lat' dir='ltr'><strong>eut</strong></span> <span class='ocrx_word' id='word_1_108' title='bbox 763 1866 886 1946; x_wconf 84' lang='lat' dir='ltr'><strong>penitus</strong></span> <span class='ocrx_word' id='word_1_109' title='bbox 899 1864 1040 1947; x_wconf 72' lang='lat' dir='ltr'><strong>ignorent</strong></span> <span class='ocrx_word' id='word_1_110' title='bbox 1060 1874 1113 1924; x_wconf 90' lang='lat' dir='ltr'><strong>aut</strong></span> <span class='ocrx_word' id='word_1_111' title='bbox 1133 1865 1307 1947; x_wconf 85' lang='lat' dir='ltr'><strong>imperfecte</strong></span> <span class='ocrx_word' id='word_1_112' title='bbox 1326 1864 1375 1929; x_wconf 88' lang='lat' dir='ltr'><strong>di-</strong></span> 
     </span>
     <span class='ocr_line' id='line_1_15' title="bbox 293 1980 444 2044; baseline 0 -1"><span class='ocrx_word' id='word_1_113' title='bbox 293 1980 444 2044; x_wconf 83' lang='lat' dir='ltr'><strong>dicerunt.</strong></span> 
     </span>
    </p>

    <p class='ocr_par' dir='ltr' id='par_1_3' title="bbox 291 2097 1377 2414">
     <span class='ocr_line' id='line_1_16' title="bbox 373 2097 1376 2182; baseline -0.002 -23"><span class='ocrx_word' id='word_1_114' title='bbox 373 2098 533 2182; x_wconf 80' lang='lat' dir='ltr'><strong>Byaeutini</strong></span> <span class='ocrx_word' id='word_1_115' title='bbox 554 2098 674 2181; x_wconf 87' lang='lat' dir='ltr'><strong>imperii</strong></span> <span class='ocrx_word' id='word_1_116' title='bbox 694 2118 743 2161; x_wconf 86' lang='lat' dir='ltr'><strong>res</strong></span> <span class='ocrx_word' id='word_1_117' title='bbox 763 2097 803 2159; x_wconf 87' lang='lat' dir='ltr'><strong>ad</strong></span> <span class='ocrx_word' id='word_1_118' title='bbox 816 2097 974 2161; x_wconf 83' lang='lat' dir='ltr'><strong>interitum</strong></span> <span class='ocrx_word' id='word_1_119' title='bbox 992 2097 1183 2176; x_wconf 73' lang='lat' dir='ltr'><strong>festinantes,</strong></span> <span class='ocrx_word' id='word_1_120' title='bbox 1207 2107 1237 2157; x_wconf 89' lang='lat' dir='ltr'><strong>et</strong></span> <span class='ocrx_word' id='word_1_121' title='bbox 1258 2106 1376 2180; x_wconf 84' lang='lat' dir='ltr'><strong>postre-</strong></span> 
     </span>
     <span class='ocr_line' id='line_1_17' title="bbox 291 2212 1375 2299; baseline -0.002 -22"><span class='ocrx_word' id='word_1_122' title='bbox 291 2236 413 2277; x_wconf 87' lang='lat' dir='ltr'><strong>morum</strong></span> <span class='ocrx_word' id='word_1_123' title='bbox 439 2218 658 2299; x_wconf 86' lang='lat' dir='ltr'><strong>imperatorum</strong></span> <span class='ocrx_word' id='word_1_124' title='bbox 689 2213 931 2277; x_wconf 84' lang='lat' dir='ltr'><strong>Christianorum</strong></span> <span class='ocrx_word' id='word_1_125' title='bbox 955 2223 1092 2296; x_wconf 87' lang='lat' dir='ltr'><strong>ternpore</strong></span> <span class='ocrx_word' id='word_1_126' title='bbox 1127 2212 1299 2275; x_wconf 85' lang='lat' dir='ltr'><strong>describere</strong></span> <span class='ocrx_word' id='word_1_127' title='bbox 1320 2236 1375 2296; x_wconf 85' lang='lat' dir='ltr'><strong>ag·</strong></span> 
     </span>
     <span class='ocr_line' id='line_1_18' title="bbox 292 2328 1377 2414; baseline 0.002 -21"><span class='ocrx_word' id='word_1_128' title='bbox 292 2349 430 2414; x_wconf 52' lang='grc' dir='ltr'><strong>εγω,</strong></span> <span class='ocrx_word' id='word_1_129' title='bbox 462 2352 566 2395; x_wconf 88' lang='lat' dir='ltr'><strong>rernm</strong></span> <span class='ocrx_word' id='word_1_130' title='bbox 595 2352 652 2393; x_wconf 86' lang='lat' dir='ltr'><strong>usu</strong></span> <span class='ocrx_word' id='word_1_131' title='bbox 672 2331 805 2414; x_wconf 86' lang='lat' dir='ltr'><strong>peritum</strong></span> <span class='ocrx_word' id='word_1_132' title='bbox 826 2350 862 2391; x_wconf 90' lang='lat' dir='ltr'><strong>ac</strong></span> <span class='ocrx_word' id='word_1_133' title='bbox 881 2331 1029 2411; x_wconf 85' lang='lat' dir='ltr'><strong>sapientie</strong></span> <span class='ocrx_word' id='word_1_134' title='bbox 1048 2328 1173 2410; x_wconf 87' lang='lat' dir='ltr'><strong>politica</strong></span> <span class='ocrx_word' id='word_1_135' title='bbox 1191 2331 1377 2396; x_wconf 76' lang='lat' dir='ltr'><strong>instructum</strong></span> 
     </span>
    </p>
   </div>
   <div class='ocr_carea' id='block_1_3' title="bbox 268 2429 1378 2529">
    <p class='ocr_par' dir='ltr' id='par_1_4' title="bbox 268 2429 1378 2529">
     <span class='ocr_line' id='line_1_19' title="bbox 268 2429 1378 2529; baseline 0.002 -21"><span class='ocrx_word' id='word_1_136' title='bbox 268 2429 325 2508; x_wconf 38' lang='lat' dir='ltr'><strong>&#39;se</strong></span> <span class='ocrx_word' id='word_1_137' title='bbox 344 2446 515 2529; x_wconf 88' lang='lat' dir='ltr'><strong>approbat,</strong></span> <span class='ocrx_word' id='word_1_138' title='bbox 551 2446 627 2508; x_wconf 92' lang='lat' dir='ltr'><strong>dum</strong></span> <span class='ocrx_word' id='word_1_139' title='bbox 654 2465 758 2508; x_wconf 79' lang='lat' dir='ltr'><strong>musas</strong></span> <span class='ocrx_word' id='word_1_140' title='bbox 786 2456 817 2507; x_wconf 88' lang='lat' dir='ltr'><strong>st</strong></span> <span class='ocrx_word' id='word_1_141' title='bbox 840 2445 990 2528; x_wconf 89' lang='lat' dir='ltr'><strong>principie</strong></span> <span class='ocrx_word' id='word_1_142' title='bbox 1012 2445 1145 2527; x_wconf 81' lang='lat' dir='ltr'><strong>exquirit</strong></span> <span class='ocrx_word' id='word_1_143' title='bbox 1163 2455 1195 2508; x_wconf 88' lang='lat' dir='ltr'><strong>et</strong></span> <span class='ocrx_word' id='word_1_144' title='bbox 1212 2445 1378 2529; x_wconf 81' lang='lat' dir='ltr'><strong>investiget</strong></span> 
     </span>
    </p>
   </div>
   <div class='ocr_carea' id='block_1_4' title="bbox 232 2560 1380 4054">
    <p class='ocr_par' dir='ltr' id='par_1_5' title="bbox 232 2560 1380 4054">
     <span class='ocr_line' id='line_1_20' title="bbox 294 2560 1376 2647; baseline -0.002 -21"><span class='ocrx_word' id='word_1_145' title='bbox 294 2581 400 2626; x_wconf 82' lang='lat' dir='ltr'><strong>eorum</strong></span> <span class='ocrx_word' id='word_1_146' title='bbox 422 2583 502 2647; x_wconf 85' lang='lat' dir='ltr'><strong>qnae</strong></span> <span class='ocrx_word' id='word_1_147' title='bbox 531 2561 708 2624; x_wconf 80' lang='lat' dir='ltr'><strong>acciderunt</strong></span> <span class='ocrx_word' id='word_1_148' title='bbox 727 2561 980 2644; x_wconf 84' lang='lat' dir='ltr'><strong>Graecorumque</strong></span> <span class='ocrx_word' id='word_1_149' title='bbox 1003 2561 1095 2626; x_wconf 80' lang='lat' dir='ltr'><strong>rebus</strong></span> <span class='ocrx_word' id='word_1_150' title='bbox 1112 2560 1251 2624; x_wconf 82' lang='lat' dir='ltr'><strong>ultimam</strong></span> <span class='ocrx_word' id='word_1_151' title='bbox 1271 2564 1376 2645; x_wconf 82' lang='lat' dir='ltr'><strong>perui·</strong></span> 
     </span>
     <span class='ocr_line' id='line_1_21' title="bbox 292 2675 1376 2762; baseline -0.004 -18"><span class='ocrx_word' id='word_1_152' title='bbox 292 2682 370 2744; x_wconf 74' lang='lat' dir='ltr'><strong>dem</strong></span> <span class='ocrx_word' id='word_1_153' title='bbox 388 2679 529 2742; x_wconf 86' lang='lat' dir='ltr'><strong>attolere.</strong></span> <span class='ocrx_word' id='word_1_154' title='bbox 549 2677 646 2740; x_wconf 88' lang='lat' dir='ltr'><strong>trium</strong></span> <span class='ocrx_word' id='word_1_155' title='bbox 659 2675 804 2761; x_wconf 83' lang='lat' dir='ltr'><strong>equidem</strong></span> <span class='ocrx_word' id='word_1_156' title='bbox 823 2677 1056 2740; x_wconf 85' lang='lat' dir='ltr'><strong>novissimorum</strong></span> <span class='ocrx_word' id='word_1_157' title='bbox 1078 2678 1298 2762; x_wconf 84' lang='lat' dir='ltr'><strong>imperatorum</strong></span> <span class='ocrx_word' id='word_1_158' title='bbox 1318 2700 1376 2741; x_wconf 82' lang='lat' dir='ltr'><strong>eu·</strong></span> 
     </span>
     <span class='ocr_line' id='line_1_22' title="bbox 294 2794 1379 2883; baseline -0.005 -21"><span class='ocrx_word' id='word_1_159' title='bbox 294 2799 390 2883; x_wconf 89' lang='lat' dir='ltr'><strong>spicio</strong></span> <span class='ocrx_word' id='word_1_160' title='bbox 416 2817 465 2862; x_wconf 85' lang='lat' dir='ltr'><strong>res</strong></span> <span class='ocrx_word' id='word_1_161' title='bbox 492 2803 590 2880; x_wconf 83' lang='lat' dir='ltr'><strong>gestus</strong></span> <span class='ocrx_word' id='word_1_162' title='bbox 618 2814 767 2857; x_wconf 84' lang='lat' dir='ltr'><strong>enarrare</strong></span> <span class='ocrx_word' id='word_1_163' title='bbox 788 2796 848 2876; x_wconf 88' lang='lat' dir='ltr'><strong>ipsi</strong></span> <span class='ocrx_word' id='word_1_164' title='bbox 867 2794 1061 2876; x_wconf 85' lang='lat' dir='ltr'><strong>propositum</strong></span> <span class='ocrx_word' id='word_1_165' title='bbox 1083 2795 1162 2874; x_wconf 81' lang='lat' dir='ltr'><strong>fuit,</strong></span> <span class='ocrx_word' id='word_1_166' title='bbox 1182 2795 1328 2878; x_wconf 75' lang='lat' dir='ltr'><strong>urbisque</strong></span> <span class='ocrx_word' id='word_1_167' title='bbox 1347 2805 1379 2858; x_wconf 86' lang='lat' dir='ltr'><strong>et</strong></span> 
     </span>
     <span class='ocr_line' id='line_1_23' title="bbox 293 2910 1375 2999; baseline -0.006 -21"><span class='ocrx_word' id='word_1_168' title='bbox 293 2915 412 2999; x_wconf 86' lang='lat' dir='ltr'><strong>imperii</strong></span> <span class='ocrx_word' id='word_1_169' title='bbox 441 2913 593 2978; x_wconf 80' lang='lat' dir='ltr'><strong>excidium</strong></span> <span class='ocrx_word' id='word_1_170' title='bbox 623 2912 745 2996; x_wconf 75' lang='lat' dir='ltr'><strong>script&#39;e</strong></span> <span class='ocrx_word' id='word_1_171' title='bbox 779 2910 934 2974; x_wconf 85' lang='lat' dir='ltr'><strong>mandere.</strong></span> <span class='ocrx_word' id='word_1_172' title='bbox 968 2912 1166 2993; x_wconf 83' lang='lat' dir='ltr'><strong>quamobrem</strong></span> <span class='ocrx_word' id='word_1_173' title='bbox 1183 2912 1375 2988; x_wconf 85' lang='lat' dir='ltr'><strong>Turccrum,</strong></span> 
     </span>
     <span class='ocr_line' id='line_1_24' title="bbox 295 3026 1378 3116; baseline -0.006 -22"><span class='ocrx_word' id='word_1_174' title='bbox 295 3033 348 3116; x_wconf 89' lang='lat' dir='ltr'><strong>qui</strong></span> <span class='ocrx_word' id='word_1_175' title='bbox 381 3031 472 3094; x_wconf 92' lang='lat' dir='ltr'><strong>illud</strong></span> <span class='ocrx_word' id='word_1_176' title='bbox 488 3027 702 3106; x_wconf 86' lang='lat' dir='ltr'><strong>debellarunt,</strong></span> <span class='ocrx_word' id='word_1_177' title='bbox 725 3029 916 3090; x_wconf 86' lang='lat' dir='ltr'><strong>mentionem</strong></span> <span class='ocrx_word' id='word_1_178' title='bbox 937 3026 1054 3110; x_wconf 85' lang='lat' dir='ltr'><strong>ubique</strong></span> <span class='ocrx_word' id='word_1_179' title='bbox 1074 3027 1174 3090; x_wconf 80' lang='lat' dir='ltr'><strong>lacere</strong></span> <span class='ocrx_word' id='word_1_180' title='bbox 1195 3047 1257 3087; x_wconf 93' lang='lat' dir='ltr'><strong>non</strong></span> <span class='ocrx_word' id='word_1_181' title='bbox 1278 3026 1378 3088; x_wconf 86' lang='lat' dir='ltr'><strong>solum</strong></span> 
     </span>
     <span class='ocr_line' id='line_1_25' title="bbox 294 3142 1377 3232; baseline -0.01 -22"><span class='ocrx_word' id='word_1_182' title='bbox 294 3151 451 3232; x_wconf 82' lang='lat' dir='ltr'><strong>oportuit:</strong></span> <span class='ocrx_word' id='word_1_183' title='bbox 470 3147 524 3210; x_wconf 85' lang='lat' dir='ltr'><strong>sed</strong></span> <span class='ocrx_word' id='word_1_184' title='bbox 543 3145 584 3208; x_wconf 87' lang='lat' dir='ltr'><strong>ab</strong></span> <span class='ocrx_word' id='word_1_185' title='bbox 605 3147 692 3208; x_wconf 87' lang='lat' dir='ltr'><strong>annis</strong></span> <span class='ocrx_word' id='word_1_186' title='bbox 713 3143 851 3227; x_wconf 88' lang='lat' dir='ltr'><strong>pluribus</strong></span> <span class='ocrx_word' id='word_1_187' title='bbox 871 3146 933 3204; x_wconf 84' lang='lat' dir='ltr'><strong>iarn</strong></span> <span class='ocrx_word' id='word_1_188' title='bbox 953 3144 1063 3224; x_wconf 83' lang='lat' dir='ltr'><strong>elapsis</strong></span> <span class='ocrx_word' id='word_1_189' title='bbox 1081 3142 1217 3204; x_wconf 87' lang='lat' dir='ltr'><strong>narratio</strong></span> <span class='ocrx_word' id='word_1_190' title='bbox 1236 3151 1377 3224; x_wconf 85' lang='lat' dir='ltr'><strong>repeten-</strong></span> 
     </span>
     <span class='ocr_line' id='line_1_26' title="bbox 293 3255 1378 3344; baseline -0.006 -18"><span class='ocrx_word' id='word_1_191' title='bbox 293 3265 335 3326; x_wconf 91' lang='lat' dir='ltr'><strong>da</strong></span> <span class='ocrx_word' id='word_1_192' title='bbox 352 3264 430 3342; x_wconf 80' lang='lat' dir='ltr'><strong>fuit,</strong></span> <span class='ocrx_word' id='word_1_193' title='bbox 451 3275 482 3326; x_wconf 88' lang='lat' dir='ltr'><strong>et</strong></span> <span class='ocrx_word' id='word_1_194' title='bbox 500 3263 645 3324; x_wconf 87' lang='lat' dir='ltr'><strong>lobannis</strong></span> <span class='ocrx_word' id='word_1_195' title='bbox 665 3263 866 3324; x_wconf 81' lang='lat' dir='ltr'><strong>Centncueeni</strong></span> <span class='ocrx_word' id='word_1_196' title='bbox 886 3260 1093 3344; x_wconf 85' lang='lat' dir='ltr'><strong>Iohannisqne</strong></span> <span class='ocrx_word' id='word_1_197' title='bbox 1115 3255 1289 3341; x_wconf 86' lang='lat' dir='ltr'><strong>Palaeologi</strong></span> <span class='ocrx_word' id='word_1_198' title='bbox 1309 3255 1378 3320; x_wconf 87' lang='lat' dir='ltr'><strong>bel-</strong></span> 
     </span>
     <span class='ocr_line' id='line_1_27' title="bbox 293 3374 1378 3462; baseline -0.006 -18"><span class='ocrx_word' id='word_1_199' title='bbox 293 3381 326 3444; x_wconf 78' lang='lat' dir='ltr'><strong>le</strong></span> <span class='ocrx_word' id='word_1_200' title='bbox 344 3379 446 3442; x_wconf 85' lang='lat' dir='ltr'><strong>civilio</strong></span> <span class='ocrx_word' id='word_1_201' title='bbox 468 3377 701 3462; x_wconf 82' lang='lat' dir='ltr'><strong>discordiaeque</strong></span> <span class='ocrx_word' id='word_1_202' title='bbox 731 3377 918 3440; x_wconf 82' lang='lat' dir='ltr'><strong>domesticae</strong></span> <span class='ocrx_word' id='word_1_203' title='bbox 938 3376 971 3438; x_wconf 91' lang='lat' dir='ltr'><strong>in</strong></span> <span class='ocrx_word' id='word_1_204' title='bbox 993 3375 1170 3437; x_wconf 85' lang='lat' dir='ltr'><strong>memoriam</strong></span> <span class='ocrx_word' id='word_1_205' title='bbox 1190 3374 1378 3437; x_wconf 86' lang='lat' dir='ltr'><strong>revocandae</strong></span> 
     </span>
     <span class='ocr_line' id='line_1_28' title="bbox 294 3490 1377 3579; baseline -0.009 -20"><span class='ocrx_word' id='word_1_206' title='bbox 294 3498 442 3576; x_wconf 69' lang='lat' dir='ltr'><strong>sumunt,</strong></span> <span class='ocrx_word' id='word_1_207' title='bbox 462 3515 541 3579; x_wconf 86' lang='lat' dir='ltr'><strong>quae</strong></span> <span class='ocrx_word' id='word_1_208' title='bbox 560 3495 669 3558; x_wconf 81' lang='lat' dir='ltr'><strong>Turris</strong></span> <span class='ocrx_word' id='word_1_209' title='bbox 687 3495 720 3556; x_wconf 91' lang='lat' dir='ltr'><strong>in</strong></span> <span class='ocrx_word' id='word_1_210' title='bbox 733 3494 892 3577; x_wconf 85' lang='lat' dir='ltr'><strong>Europam</strong></span> <span class='ocrx_word' id='word_1_211' title='bbox 915 3492 1083 3557; x_wconf 85' lang='lat' dir='ltr'><strong>traiiciendi</strong></span> <span class='ocrx_word' id='word_1_212' title='bbox 1104 3490 1292 3554; x_wconf 88' lang='lat' dir='ltr'><strong>occasionem</strong></span> <span class='ocrx_word' id='word_1_213' title='bbox 1310 3500 1377 3550; x_wconf 84' lang='lat' dir='ltr'><strong>turn</strong></span> 
     </span>
     <span class='ocr_line' id='line_1_29' title="bbox 293 3605 1377 3700; baseline -0.01 -22"><span class='ocrx_word' id='word_1_214' title='bbox 293 3615 425 3700; x_wconf 86' lang='lat' dir='ltr'><strong>primum</strong></span> <span class='ocrx_word' id='word_1_215' title='bbox 446 3613 632 3696; x_wconf 83' lang='lat' dir='ltr'><strong>praebuere,</strong></span> <span class='ocrx_word' id='word_1_216' title='bbox 652 3633 723 3674; x_wconf 88' lang='lat' dir='ltr'><strong>oum</strong></span> <span class='ocrx_word' id='word_1_217' title='bbox 742 3613 934 3694; x_wconf 86' lang='lat' dir='ltr'><strong>inauspicato</strong></span> <span class='ocrx_word' id='word_1_218' title='bbox 953 3632 989 3674; x_wconf 89' lang='lat' dir='ltr'><strong>ac</strong></span> <span class='ocrx_word' id='word_1_219' title='bbox 1010 3612 1090 3674; x_wconf 83' lang='lat' dir='ltr'><strong>tristi</strong></span> <span class='ocrx_word' id='word_1_220' title='bbox 1113 3609 1239 3671; x_wconf 88' lang='lat' dir='ltr'><strong>consilio</strong></span> <span class='ocrx_word' id='word_1_221' title='bbox 1261 3605 1377 3668; x_wconf 80' lang='lat' dir='ltr'><strong>Tereos</strong></span> 
     </span>
     <span class='ocr_line' id='line_1_30' title="bbox 294 3729 1380 3822; baseline -0.007 -24"><span class='ocrx_word' id='word_1_222' title='bbox 294 3737 326 3799; x_wconf 93' lang='lat' dir='ltr'><strong>in</strong></span> <span class='ocrx_word' id='word_1_223' title='bbox 345 3739 501 3822; x_wconf 85' lang='lat' dir='ltr'><strong>Europam</strong></span> <span class='ocrx_word' id='word_1_224' title='bbox 523 3737 634 3798; x_wconf 88' lang='lat' dir='ltr'><strong>Graeci</strong></span> <span class='ocrx_word' id='word_1_225' title='bbox 655 3737 839 3801; x_wconf 82' lang='lat' dir='ltr'><strong>insanientes</strong></span> <span class='ocrx_word' id='word_1_226' title='bbox 861 3737 1100 3812; x_wconf 82' lang='lat' dir='ltr'><strong>accersiverunt,</strong></span> <span class='ocrx_word' id='word_1_227' title='bbox 1119 3733 1241 3816; x_wconf 84' lang='lat' dir='ltr'><strong>sibique</strong></span> <span class='ocrx_word' id='word_1_228' title='bbox 1260 3741 1291 3792; x_wconf 86' lang='lat' dir='ltr'><strong>et</strong></span> <span class='ocrx_word' id='word_1_229' title='bbox 1310 3729 1380 3792; x_wconf 85' lang='lat' dir='ltr'><strong>eliis</strong></span> 
     </span>
     <span class='ocr_line' id='line_1_31' title="bbox 295 3845 1379 3937; baseline -0.007 -24"><span class='ocrx_word' id='word_1_230' title='bbox 295 3847 650 3934; x_wconf 72' lang='lat' dir='ltr'><strong>gmtibus&#39;Cbristianis,</strong></span> <span class='ocrx_word' id='word_1_231' title='bbox 673 3876 731 3916; x_wconf 87' lang='lat' dir='ltr'><strong>cur</strong></span> <span class='ocrx_word' id='word_1_232' title='bbox 750 3853 888 3937; x_wconf 87' lang='lat' dir='ltr'><strong>perirent</strong></span> <span class='ocrx_word' id='word_1_233' title='bbox 907 3850 1058 3932; x_wconf 78' lang='lat' dir='ltr'><strong>funditus,</strong></span> <span class='ocrx_word' id='word_1_234' title='bbox 1080 3861 1223 3914; x_wconf 85' lang='lat' dir='ltr'><strong>auctores</strong></span> <span class='ocrx_word' id='word_1_235' title='bbox 1241 3845 1379 3908; x_wconf 78' lang='lat' dir='ltr'><strong>extitere.</strong></span> 
     </span>
     <span class='ocr_line' id='line_1_32' title="bbox 232 3957 1379 4054; baseline -0.007 -25"><span class='ocrx_word' id='word_1_236' title='bbox 232 3989 240 3998; x_wconf 95' lang='lat'>·</span> <span class='ocrx_word' id='word_1_237' title='bbox 296 3967 447 4029; x_wconf 82' lang='lat' dir='ltr'><strong>Manuelis</strong></span> <span class='ocrx_word' id='word_1_238' title='bbox 464 3968 641 4054; x_wconf 82' lang='lat' dir='ltr'><strong>Palaenlogi</strong></span> <span class='ocrx_word' id='word_1_239' title='bbox 662 3968 789 4054; x_wconf 70' lang='lat' dir='ltr'><strong>eiusque</strong></span> <span class='ocrx_word' id='word_1_240' title='bbox 808 3969 942 4034; x_wconf 85' lang='lat' dir='ltr'><strong>liliormn</strong></span> <span class='ocrx_word' id='word_1_241' title='bbox 962 3968 1110 4032; x_wconf 86' lang='lat' dir='ltr'><strong>lobannis</strong></span> <span class='ocrx_word' id='word_1_242' title='bbox 1127 3987 1163 4030; x_wconf 86' lang='lat' dir='ltr'><strong>ac</strong></span> <span class='ocrx_word' id='word_1_243' title='bbox 1184 3957 1379 4026; x_wconf 80' lang='lat' dir='ltr'><strong>Constamini</strong></span> 
     </span>
    </p>
   </div>
   <div class='ocr_carea' id='block_1_5' title="bbox 296 4080 1380 4285">
    <p class='ocr_par' dir='ltr' id='par_1_6' title="bbox 296 4080 1380 4285">
     <span class='ocr_line' id='line_1_33' title="bbox 296 4080 1380 4170; baseline -0.006 -26"><span class='ocrx_word' id='word_1_244' title='bbox 296 4103 347 4144; x_wconf 79' lang='lat' dir='ltr'><strong>ros</strong></span> <span class='ocrx_word' id='word_1_245' title='bbox 375 4081 416 4142; x_wconf 82' lang='lat' dir='ltr'><strong>ud</strong></span> <span class='ocrx_word' id='word_1_246' title='bbox 446 4095 564 4164; x_wconf 85' lang='lat' dir='ltr'><strong>captam</strong></span> <span class='ocrx_word' id='word_1_247' title='bbox 599 4087 708 4155; x_wconf 81' lang='lat' dir='ltr'><strong>urbem</strong></span> <span class='ocrx_word' id='word_1_248' title='bbox 740 4088 879 4170; x_wconf 86' lang='lat' dir='ltr'><strong>deinceps</strong></span> <span class='ocrx_word' id='word_1_249' title='bbox 901 4085 1102 4169; x_wconf 79' lang='lat' dir='ltr'><strong>persequitur.</strong></span> <span class='ocrx_word' id='word_1_250' title='bbox 1135 4081 1177 4143; x_wconf 84' lang='lat' dir='ltr'><strong>ad</strong></span> <span class='ocrx_word' id='word_1_251' title='bbox 1203 4080 1380 4142; x_wconf 79' lang='lat' dir='ltr'><strong>Tercomm</strong></span> 
     </span>
     <span class='ocr_line' id='line_1_34' title="bbox 298 4193 1377 4285; baseline -0.006 -25"><span class='ocrx_word' id='word_1_252' title='bbox 298 4205 412 4260; x_wconf 83' lang='lat' dir='ltr'><strong>statum</strong></span> <span class='ocrx_word' id='word_1_253' title='bbox 433 4209 581 4282; x_wconf 66' lang='lat' dir='ltr'><strong>&lt;pentem</strong></span> <span class='ocrx_word' id='word_1_254' title='bbox 600 4214 737 4285; x_wconf 83' lang='lat' dir='ltr'><strong>spectat,</strong></span> <span class='ocrx_word' id='word_1_255' title='bbox 764 4205 795 4268; x_wconf 88' lang='lat' dir='ltr'><strong>iu</strong></span> <span class='ocrx_word' id='word_1_256' title='bbox 816 4203 890 4266; x_wconf 79' lang='lat' dir='ltr'><strong>Asia</strong></span> <span class='ocrx_word' id='word_1_257' title='bbox 906 4199 1007 4285; x_wconf 81' lang='lat' dir='ltr'><strong>qualis</strong></span> <span class='ocrx_word' id='word_1_258' title='bbox 1027 4195 1196 4266; x_wconf 65' lang='lat' dir='ltr'><strong>smmum</strong></span> <span class='ocrx_word' id='word_1_259' title='bbox 1217 4193 1377 4271; x_wconf 77' lang='lat' dir='ltr'><strong>Androni·</strong></span> 
     </span>
    </p>
   </div>
   <div class='ocr_carea' id='block_1_6' title="bbox 0 0 1553 4825">
    <p class='ocr_par' dir='ltr' id='par_1_7' title="bbox 0 0 1553 4825">
     <span class='ocr_line' id='line_1_35' title="bbox 0 0 1553 4825; baseline 0 0"><span class='ocrx_word' id='word_1_260' title='bbox 0 0 1553 4825; x_wconf 95' lang='lat' dir='ltr'><strong> </strong></span> 
     </span>
    </p>
   </div>
  </div>
 </body>
</html>
