3075 4825
374 316 535 386 tranen
563 318 812 387 tammum
845 320 1036 389 tamaro.
1157 295 1246 411 429

163 479 225 563 poli
246 480 289 541 sia
310 479 416 541 lontan
435 476 475 539 da
499 476 553 543 lut.
606 478 722 557 Queste
743 476 855 560 parole
873 479 972 541 molto
991 480 1097 541 banno
1118 481 1246 545 turbato

163 562 320 627 Demetrio
344 558 523 637 Leondari;
555 559 583 621 el
615 562 706 643 quale
727 562 900 625 carrociato
922 560 1021 625 disset
1062 564 1092 625 0
1111 564 1245 643 Zenait,

164 659 198 708 tu
216 668 280 707 non
301 647 345 709 sai
368 646 444 707 benc
465 642 504 705 ele
516 642 573 703 che
585 656 689 705 mente
706 642 815 706 ser-bel
835 645 900 707 mio
917 644 1124 727 impendum,
1145 668 1244 729 quan·

161 728 201 791 do
222 728 382 791 intenderit
416 725 445 787 le
468 726 598 807 indegne
626 725 733 808 parole
763 727 821 790 ebe
841 728 881 789 ba
899 738 1026 813 sputata
1044 730 1075 791 le
1095 740 1150 791 tea
1170 732 1245 793 boc·

160 812 228 875 cha.
273 815 326 873 Mn
348 809 436 893 sappi
456 808 512 870 ebe
534 808 614 871 infra
635 830 710 893 poco
729 821 833 893 tempo
853 814 959 873 ἰιεηωι
981 812 1247 896 Constantinopoli

134 906 191 958 ‚te
210 895 344 972 baverb,
374 906 405 956 et
434 892 466 952 in
494 888 564 975 quel
597 902 703 975 tempo
734 903 771 955 tu
803 896 972 977 ripensarai
992 895 1096 979 quello
1116 896 1173 958 ebe
1192 896 1246 959 bai

160 977 255 1041 dicto.
298 974 534 1040 Nientedimeno
562 996 623 1037 non
651 986 799 1057 epea-tene
832 1000 851 1037 a
883 988 914 1041 te
935 978 1040 1040 dermc
1059 979 1193 1061 rispoete
1214 992 1246 1045 et

161 1061 374 1123 remandarme
400 1084 418 1121 a
440 1059 710 1141 Constantinopoli
745 1080 846 1121 vacuo
867 1060 947 1123 della
977 1082 1051 1124 eoae
1069 1082 1244 1141 promosset

159 1165 209 1205 mn
230 1155 375 1227 apertene
397 1142 426 1203 nl
446 1141 546 1203 ducbe
566 1142 714 1214 Murram
732 1140 761 1203 el
783 1141 874 1225 quale
894 1143 947 1207 dio
967 1155 999 1206 et
1018 1144 1048 1205 la
1069 1146 1195 1207 somnne
1212 1147 1246 1209 di

159 1226 273 1290 Romei
297 1227 337 1289 ba
358 1226 528 1287 sublevato.
570 1225 620 1285 Te
641 1236 724 1287 certe
752 1225 879 1287 essendo
899 1228 1016 1290 enodi
1037 1228 1138 1302 molti,
1163 1251 1246 1293 caeca

158 1308 197 1371 de
225 1309 332 1393 parler
362 1330 419 1377 coo
447 1309 508 1385 mi,
535 1306 648 1389 perche
667 1330 727 1369 non
755 1306 809 1369 bai
830 1308 881 1370 cbi
902 1319 935 1373 te
954 1308 1080 1375 arcolte
1121 1312 1163 1374 Et
1183 1312 1245 1375 cael

159 1391 241 1455 irato
274 1392 357 1454 intro
388 1392 419 1453 in
457 1390 560 1473 galea,
582 1411 643 1451 non
666 1391 799 1473 sapendo
824 1392 883 1453 ebe
902 1393 987 1472 fare,
1008 1394 1200 1475 repensando
1219 1394 1245 1455 li

159 1476 238 1539 rotti
260 1473 443 1539 sacramenti
464 1485 494 1535 et
516 1474 544 1533 la
564 1472 675 1535 violata
691 1474 759 1535 sede
779 1496 837 1557 per
858 1473 889 1537 le
907 1486 1017 1558 negate
1034 1498 1187 1559 promesse
1204 1477 1245 1541 de

157 1558 303 1621 Mustela.
354 1556 528 1641 Spectando
568 1554 595 1617 ln
616 1568 773 1639 resposte,
794 1578 895 1619 venne
917 1562 946 1621 el
967 1559 1303 1639 ducbablustafa,154

157 1642 185 1703 el
207 1646 298 1727 quale
330 1642 414 1725 dopo
445 1640 540 1701 molte
564 1641 669 1721 parole
697 1639 762 1702 cosi
784 1640 915 1724 rispose.
959 1642 989 1704 0
1010 1642 1130 1724 amieo,
1151 1646 1183 1705 io
1208 1665 1244 1707 sn

156 1724 217 1787 ben
237 1726 340 1809 quello
363 1726 419 1787 ebe
436 1724 479 1786 bo
502 1726 703 1805 impr-omesso
723 1723 753 1785 el
770 1724 834 1785 mio
859 1724 1042 1788 auxiliatore
1061 1730 1093 1787 in
1111 1748 1243 1808 presen-

154 1808 200 1871 tia
223 1810 263 1871 de
283 1811 333 1869 dio
355 1818 385 1869 et
403 1806 454 1869 del
472 1828 529 1869 suo
545 1806 715 1889 propbeta,
737 1815 770 1868 et
790 1828 877 1870 come
897 1818 945 1869 tre
963 1810 991 1871 le
1013 1830 1083 1871 cose
1102 1830 1245 1892 promes·

155 1892 339 1953 semanima
360 1891 392 1953 fo
416 1890 444 1951 el
464 1887 589 1951 castello
609 1890 648 1950 de
672 1887 819 1971 Gnlipoli.
862 1890 956 1953 Certe
974 1912 1031 1973 per
1048 1902 1128 1954 tutte
1146 1892 1176 1955 le
1195 1892 1244 1953 al·

157 1982 209 2034 tre
231 1995 298 2035 ense
320 1975 360 2035 bo
388 1996 406 2033 a
424 1972 535 2033 render
553 1992 664 2033 raxone
693 1972 786 2033 adio
809 1972 842 2032 in
866 1972 940 2055 quel
958 1974 990 2033 dl
1008 1974 1189 2053 tremendo,
1208 1995 1244 2038 se

154 2050 187 2116 la
207 2058 394 2117 convention
416 2065 520 2117 nostra
541 2074 603 2113 non
622 2054 769 2114 mandari)
791 2054 832 2115 ad
850 2056 1040 2117 executione.
1063 2077 1122 2139 per
1143 2058 1171 2120 el
1189 2078 1243 2119 ca·

153 2136 245 2201 stello
265 2140 373 2221 meglio
394 2138 411 2199 e
434 2156 611 2219 sperzurare
631 2136 688 2196 che
718 2157 846 2219 peecare
867 2159 990 2219 apreseo
1011 2139 1073 2199 dio.
1117 2140 1200 2201 Dare
1218 2138 1244 2203 li

153 2220 200 2304 pii
222 2222 303 2284 nelle
323 2242 410 2283 mane
430 2218 500 2281 delli
523 2217 633 2299 impii,
653 2228 686 2281 et
707 2218 728 2280 li
751 2220 839 2281 liberi
861 2220 926 2283 fare
945 2221 1050 2300 servi,
1070 2231 1102 2283 et
1119 2220 1149 2282 le
1168 2242 1243 2285 ren-

152 2314 185 2367 te
215 2316 332 2366 sacrate
357 2302 449 2365 adio
472 2302 600 2365 darein
624 2300 771 2364 mancile
800 2302 933 2380 infideli,
954 2302 977 2365 li
996 2304 1079 2386 quali
1099 2324 1164 2365 non
1185 2326 1244 2367 co.

151 2410 312 2473 gnoscono
332 2388 359 2450 el
379 2384 445 2450 solo
468 2398 498 2449 et
519 2406 592 2448 vero
614 2382 666 2446 dio
680 2384 730 2448 del
758 2386 825 2447 celo
850 2396 881 2446 et
900 2386 979 2449 della
999 2396 1105 2463 terra,
1131 2398 1243 2472 questo

152 2493 284 2568 perine
316 2471 376 2532 mni
401 2492 462 2532 non
485 2473 530 2532 sia
551 2469 650 2544 facto,
686 2469 799 2550 perche
822 2469 1029 2532 traboeeando
1048 2469 1080 2531 io
1101 2470 1134 2530 in
1155 2476 1245 2534 tenta

152 2555 339 2638 impietadc‚
363 2553 391 2614 la
412 2562 498 2614 rente
513 2552 545 2613 di
557 2553 739 2612 Musulmani
757 2553 796 2613 nb
816 2575 834 2614 a
854 2573 904 2615 me
923 2552 1082 2615 cederinno
1101 2551 1130 2614 el
1151 2554 1242 2636 prin.

153 2640 261 2722 cipeto
286 2641 323 2700 nb
341 2661 359 2698 e
371 2647 412 2736 ‘te
433 2632 714 2779 coneederienollal
736 2639 850 2698 intrate
870 2635 920 2780 ‘bel
938 2635 1103 2782 «aristellio.b
1115 2637 1147 2700 -V
1143 2646 1244 2781 ptcne

132 2723 569 2883 tlt‘tttt‘tffatttt,
585 2739 733 2896 titt?
750 2740 879 2885 0333:
906 2731 1026 2864 {liin
1049 2740 1103 2863 tt
1124 2742 1243 2886 titt

149 2899 298 2970 apertene
321 2885 349 2946 al
368 2883 492 2968 publico
527 2880 629 2947 officio
651 2883 699 2946 del
719 2886 873 2968 propbeta
893 2895 926 2947 et
948 2885 988 2946 de
1008 2886 1055 2946 soi
1074 2888 1243 2950 comanda-

150 2971 276 3044 menti,
317 2991 379 3030 non
400 2967 502 3050 voglio
524 2967 656 3030 alienare
674 2968 788 3030 alcano
811 2967 1018 3030 Musulmano·
1058 2967 1117 3030 Piir
1137 2981 1242 3052 presto

148 3077 209 3116 con
242 3063 324 3116 tutte
351 3052 379 3112 le
407 3053 467 3111 mie
497 3051 584 3112 forae
608 3071 728 3132 sempre
756 3072 808 3112 me
827 3049 998 3112 exercitare
1018 3071 1188 3116 accrescere
1211 3053 1301 3120 tants

147 3159 203 3198 sua
225 3148 326 3208 setta,
349 3133 533 3214 amplificare
555 3132 584 3194 le
604 3134 780 3213 provintie,
799 3145 831 3194 et
851 3156 870 3194 a
890 3154 1017 3194 contere
1038 3133 1066 3196 le
1088 3134 1187 3199 citede
1208 3149 1242 3202 et

148 3219 177 3282 le
196 3219 324 3284 castelle
336 3262 346 3294 ‚
372 3227 402 3278 et
423 3216 479 3278 ebe
504 3213 527 3276 li
551 3214 643 3276 Cavri
671 3236 810 3298 vergario
831 3226 915 3280 sotto
936 3213 966 3277 la
986 3215 1049 3278 leae
1069 3217 1101 3279 di
1122 3219 1242 3284 Musul-

147 3305 245 3364 mani.
306 3303 350 3363 La
375 3299 435 3360 citt
461 3299 501 3359 de
522 3296 677 3379 Galipoll,
697 3296 728 3358 le
758 3298 848 3380 quale
869 3300 887 3360 b
907 3301 936 3360 le
958 3297 1029 3382 gela
1049 3300 1087 3363 e'l
1104 3301 1188 3364 eollo
1206 3303 1243 3366 di

146 3387 359 3460 Musulmnni,
380 3393 411 3444 et
428 3381 485 3444 ebe
504 3381 635 3443 absorbe
656 3388 689 3442 et
707 3380 823 3442 devora
843 3384 864 3443 li
883 3381 1070 3460 Christiani,
1092 3385 1152 3444 mai
1174 3406 1240 3448 non

146 3467 239 3534 intesi
280 3469 395 3538 darve,
429 3467 468 3527 nie
489 3463 564 3525 derb
597 3465 668 3524 mai.
720 3465 838 3542 Queste
858 3465 962 3546 parole
978 3465 1122 3526 havendo
1142 3468 1240 3532 tntae

147 3553 327 3628 Leondaro‚
348 3569 436 3610 come
458 3546 526 3610 leon
545 3547 697 3630 perdente
717 3546 748 3608 la
771 3546 934 3610 venatione
955 3559 1089 3609 mettere
1107 3559 1189 3610 sotto
1210 3551 1240 3614 cl

146 3647 322 3794 titttt‘,
342 3629 877 3776 bittit?tttttttlttlt
885 3630 1240 3790 dttttlttssbl

147 3802 253 3864 nando
278 3799 305 3860 el
327 3819 428 3878 capo,
463 3795 562 3856 tache
582 3795 713 3856 Mustela
734 3796 878 3857 leceline
899 3795 929 3856 al
951 3816 1007 3856 suo
1029 3815 1168 3858 sermone
1190 3797 1240 3860 in·

147 3897 237 3964 grato
261 3892 294 3944 et
328 3883 445 3963 iniquo.
501 3877 559 3939 Poi
594 3878 687 3939 levati
709 3879 730 3940 li
750 3879 837 3939 occbi
869 3900 958 3940 verso
979 3877 1044 3950 lui,
1067 3879 1131 3938 cosi
1151 3879 1239 3950 (lisso0

145 3967 280 4050 Signore
309 3972 341 4025 et
366 3963 507 4044 principe
539 3960 577 4022 de
606 3960 809 4036 Musulmani,
838 3972 923 4023 certe
955 3961 1034 4021 bene
1063 3962 1241 4029 intendem

147 4047 178 4110 la
200 4061 256 4111 tua
290 4045 492 4128 dispositione
521 4043 644 4106 inverso
666 4045 703 4106 de
723 4048 787 4111 noi.
818 4045 854 4104 ab
881 4065 958 4104 sono
990 4043 1102 4124 passati
1122 4047 1178 4128 pib
1199 4049 1241 4114 de

147 4135 221 4194 anni
258 4141 350 4192 cento
376 4139 408 4189 et
433 4129 599 4210 cinquenta
627 4125 684 4187 clre
717 4124 749 4188 lu
772 4129 964 4188 Ottomanno
984 4134 1040 4186 tuo
1061 4150 1178 4210 proavo
1198 4132 1240 4196 ba

148 4218 228 4302 totto
250 4213 292 4300 de,
308 4213 337 4278 le
357 4231 446 4276 mane
470 4209 543 4274 delli
563 4209 660 4273 nostri
680 4207 874 4296 progenitori
897 4209 926 4270 le
944 4221 1033 4294 parte
1054 4213 1094 4277 de
1106 4215 1241 4299 Bytinia,
