3075 4825
256 671 345 743 rasa

354 322 442 409 608
785 352 996 415 austrum

354 500 491 565 meotioli
511 498 690 576 exercitum,
713 502 754 563 οαΙ
773 498 834 583 γὰρ
863 498 1008 585 καθάπερ
1024 500 1139 575 παῖδας
1159 498 1240 585 ἡμᾶς
1260 497 1448 584 μσρμολῦτ-

353 608 439 647 τεται
460 590 526 655 τοῖς
545 580 731 666 σοφίσμασι.

436 670 476 729 Ρ.
493 668 564 743 α38,
593 688 637 749 tp
679 661 747 741 ἔτος
776 665 848 729 ἐστι’
865 686 926 727 που
956 661 1144 747 ἑκατοστόν]
1185 667 1349 731 Boulinins
1369 670 1445 731 flist.

354 753 492 833 Hungar.
512 752 551 811 D.
572 750 589 811 3
613 750 665 811 lib.
686 750 954 813 liCcnstantinum
976 762 1116 833 questum
1137 770 1201 811 esse
1220 751 1263 809 de
1282 750 1344 812 lanc
1365 774 1446 813 noro

299 880 303 887 ·
351 857 447 917 opere
466 833 550 915 apud
571 833 734 895 Sultuuum
763 834 968 895 Meliemetern
987 834 1092 898 tradit.
1115 837 1146 893 io
1168 854 1326 895 annorum
1346 836 1446 895 inter.

351 918 435 980 vallo
458 916 578 978 fallitur
598 919 708 977 Duras.
752 917 969 999 Adrianopolis
989 920 1069 977 enim
1091 927 1178 998 capta
1201 929 1248 977 est
1272 938 1357 977 anno
1370 918 1445 979 1560

351 1000 401 1062 vel
423 1000 522 1073 1362,
553 999 738 1062 Mehemetas
768 1021 843 1063 vero
875 998 1056 1079 ann0145a
1086 1010 1216 1061 castrum
1239 1000 1445 1063 aediiimbat:

350 1087 425 1147 anui
443 1088 547 1165 itaque
567 1092 693 1185 tantum⁸
707 1104 754 1189 9⁰,
768 1086 818 1185 vel
862 1102 879 1143 a
904 1084 994 1165 elapsi
1014 1092 1098 1143 aaut.
1315 1160 1325 1183 ι
1420 1168 1427 1178 ἱ

350 1163 1444 1333 ....titt‚¹aattut”tt¹.tsta¹t.tttza.tt

352 1330 450 1431 aliena
470 1332 636 1431 invadendi
670 1334 851 1430 uuiversum
870 1344 1021 1393 terrarum
1041 1334 1171 1430 pervasit
1190 1330 1324 1409 orbem,
1352 1336 1396 1393 ita
1416 1344 1445 1393 ut

350 1414 697 1579 tttttitzttlttr
710 1434 1232 1561 ttitttttttttt‘tfflt
1245 1416 1445 1560 ’iffi

350 1580 409 1643 reli
432 1602 542 1663 parere
564 1589 737 1645 teneantur.
755 1580 862 1645 leonas
877 1592 1035 1663 ceteraque
1051 1582 1163 1643 ferocia
1185 1581 1352 1658 animalia,
1375 1604 1447 1664 quse
1498 1616 1499 1619 =

349 1672 442 1745 rapto
465 1666 591 1744 vivunt,
612 1666 772 1727 imitantur
794 1668 864 1745 isti3
892 1686 971 1747 quae
989 1664 1112 1748 quidem
1134 1663 1272 1727 solitarie
1293 1678 1447 1747 vagantur

347 1765 405 1807 nec
434 1751 581 1829 gregatim
611 1749 778 1809 ambulant.
809 1749 854 1810 illi
873 1770 948 1831 ergo
970 1747 1106 1809 homiues
1124 1745 1305 1809 societatem
1342 1752 1445 1809 ceteris

346 1832 547 1907 recondere,
569 1838 601 1892 et
620 1852 653 1892 se
676 1831 815 1893 diversae
835 1854 853 1892 a
875 1852 948 1893 vera
966 1831 1155 1914 genuinoque
1168 1830 1373 1892 humanitate
1391 1832 1445 1892 dil·

347 1911 471 1973 ferentis
482 1915 593 1994 speciei
612 1934 677 1976 esse
690 1915 869 1995 praedicare
882 1914 1006 1991 debent,
1026 1923 1062 1975 ut
1084 1925 1113 1977 et
1132 1913 1235 1975 leones
1250 1912 1293 1975 ab
1317 1914 1444 1991 ovibus,

346 1994 488 2061 vultures
498 2006 531 2057 et
541 1996 657 2079 aquilas
667 2018 685 2057 a
696 1998 825 2080 gruibus
846 1996 971 2059 differre
985 1996 1137 2060 novimus
1151 1996 1291 2057 humana
1302 1999 1443 2080 equidem

347 2089 459 2140 natura
475 2079 514 2139 ad
533 2082 707 2141 societatem
719 2091 804 2157 nate,
826 2079 991 2142 secundum
1006 2100 1114 2141 rerum
1126 2081 1282 2141 dictamen
1303 2084 1443 2159 numa,

348 2160 515 2243 imperium
529 2184 591 2223 non
608 2163 726 2225 viribus
740 2164 794 2225 sed
805 2165 969 2247 sapientiae
988 2163 1097 2238 defert,
1118 2183 1195 2245 qaae
1216 2184 1314 2223 suum
1338 2166 1442 2249 cuique

346 2245 496 2319 tribuere,
519 2248 673 2307 neminem
692 2244 839 2325 laedere,
859 2246 1017 2349 alieoapua
1039 2268 1099 2307 uon
1120 2266 1229 2329 rapere
1252 2246 1366 2308 docet.

395 2388 403 2405 ,
425 2328 463 2391 Ρ.
486 2326 558 2405 πάι,
582 2349 628 2391 rr.
679 2323 756 2391 ddi
777 2331 931 2409 Μεχσμὲτ
951 2328 1014 2411 pin
1042 2324 1136 2411 ἔαρος
1156 2326 1239 2409 alpi-J
1285 2329 1439 2393 Phraates
1499 2395 1500 2426 .

347 2408 456 2472 Martii
478 2410 519 2473 26
538 2423 674 2474 castrum
696 2411 851 2476 aedificari
870 2426 1013 2558 coeptum
1034 2414 1087 2476 lib.
1111 2413 1140 2474 5.
1162 2433 1225 2557 cap.
1251 2434 1270 2495 7
1293 2417 1406 2476 tradit.

429 2495 469 2556 Ρ.
492 2496 566 2570 arla,
593 2515 637 2558 ια.
675 2492 872 2579 καταφύγω]
898 2525 902 2536 ·
945 2500 1027 2560 eseia
1047 2498 1179 2558 comsit
1209 2515 1290 2556 ocus
1315 2499 1438 2580 Bospori

345 2571 446 2637 littori
466 2577 603 2640 Asiatico
625 2579 776 2661 adiacens,
797 2581 991 2658 Καταγγεΐον
1010 2579 1185 2664 appellatus,
1208 2589 1241 2640 et
1261 2599 1389 2642 nomen
1407 2583 1439 2642 il-

344 2655 405 2718 lias
425 2670 577 2720 mutatum
596 2661 695 2722 suerit
1499 2691 1500 2746 g

429 2739 468 2802 P.
491 2740 566 2822 τῷ,
591 2763 616 2804 τ.
640 2737 835 2825 Πάσχεσον]
888 2745 1039 2808 Laonicns
1073 2742 1128 2806 lib.
1148 2741 1169 2806 8
1188 2740 1286 2804 hocce
1307 2757 1438 2808 centrum
1499 2751 1500 2776 ¹

344 2822 479 2905 appellat
499 2825 732 2901 λαιμοαοαίαοε
767 2829 819 2890 sed
841 2831 924 2890 iuxta
944 2829 1028 2910 vulgi
1046 2848 1182 2892 errorem
1203 2827 1337 2910 scripsit
1357 2833 1440 2890 istam

345 2927 449 2968 arcam
478 2907 669 2970 aedificatam
699 2930 763 2972 csse
792 2907 873 2972 κατὰ
906 2907 964 2992 τὴν
986 2909 1192 2992 Προποντίδα
1211 2907 1247 2970 ἐν
1269 2909 1438 2996 Βοσπόρῳ.

344 2989 491 3050 differunt
513 2993 595 3052 enim
620 3002 652 3054 et
683 2993 889 3074 appellatione
909 3005 941 3056 ct
961 2995 1023 3056 situ
1042 2995 1209 3074 Propontis
1226 3001 1261 3052 et
1279 2993 1439 3076 Bosporos
1499 3017 1500 3074 ᾗ

344 3069 504 3136 Thracius.
559 3074 762 3138 Leuoclavius
793 3099 811 3137 a
840 3077 949 3138 Turris
978 3077 1220 3138 Karrea-lusan⁸
1248 3078 1438 3158 appellatum

343 3152 435 3216 luisse
452 3166 565 3218 mouet.
620 3157 743 3240 Gyllius
763 3161 794 3218 in
817 3159 943 3242 Bospori
963 3159 1087 3224 Thracii
1108 3157 1316 3238 descriptione
1338 3183 1439 3222 aroera

344 3233 429 3298 illam
453 3237 486 3296 in
508 3244 727 3319 promontorio
754 3242 906 3306 Hermaeo
930 3243 1116 3304 aedificatam
1133 3241 1231 3302 fuisse.
1276 3241 1437 3306 Soettent

342 3338 397 3378 um
416 3339 490 3380 vero
511 3330 542 3380 et
556 3322 683 3384 Phonca
705 3323 808 3386 Ponto
821 3327 941 3388 Euxino
962 3327 1110 3388 viciniora
1130 3335 1213 3402 suot,
1234 3333 1269 3384 et
1288 3339 1436 3408 propter.

341 3421 378 3461 ea
409 3401 564 3464 Hemaeo
595 3406 773 3487 superiora3
807 3409 845 3470 de
872 3411 984 3493 quihus
1014 3409 1132 3494 Gyllios
1160 3407 1321 3468 adeundam
1347 3411 1435 3472 illas

320 3481 381 3544 ‘ds
416 3484 557 3565 Bosporo
581 3487 721 3551 Thracio
753 3512 837 3573 capp.
873 3513 908 3554 ra
930 3504 960 3554 et
985 3493 1032 3557 ιδ.
1062 3494 1118 3554 ista
1145 3509 1240 3574 porro
1273 3495 1435 3574 appellatio

341 3565 563 3630 Base-Kesen
592 3583 675 3632 recte
706 3574 826 3635 reddita
859 3587 905 3636 est
929 3597 947 3638 a
967 3575 1054 3636 Daca
1082 3569 1348 3656 κοφαλοκόπτηςε
1371 3577 1433 3637 base

340 3649 425 3794 3²13
444 3662 535 3734 caput
563 3650 732 3736 siguificat,
760 3656 877 3718 ΙιατηιεΙε
902 3658 1062 3737 scindere,
1082 3668 1114 3718 et
1132 3655 1334 3739 participium
1355 3659 1433 3720 tm

427 3753 491 3794 eos.

423 3813 464 3875 P.
488 3816 560 3893 242,
584 3817 638 3896 τά.
680 3820 735 3882 τοῦ
755 3822 834 3883 ναοῦ
859 3821 916 3884 τοῦ
935 3817 1110 3902 ταξιάρχου
1133 3795 1286 3900 Magali]
1334 3823 1428 3883 Vom-

340 3891 432 3955 hatur
467 3899 617 3981 templum
647 3899 724 3963 illud
746 3904 808 3966 ruit
827 3899 1008 3981 ἀσωμάτων
1015 3951 1025 3981 ,
1046 3905 1078 3966 id
1099 3915 1143 3965 eat
1162 3905 1426 3988 incorporeos-rm,

342 3979 489 4056 quoniam
509 3983 645 4046 dicatum
667 3994 734 4047 erat
755 3986 786 4046 S.
813 3984 955 4048 Michaali
978 3985 1180 4070 archangelo,
1202 3987 1385 4070 angelorum
1402 3999 1429 4046 et

339 4057 468 4122 militiae
491 4064 626 4127 molestis
652 4068 880 4151 mohismtego.
907 4071 1080 4132 vocabatur
1099 4073 1193 4132 etiam
1215 4071 1427 4144 michaelium

340 4157 404 4218 qno
425 4144 457 4201 in
478 4143 550 4208 loco
577 4149 673 4212 Estiis
700 4151 741 4212 ab
768 4155 903 4236 antiquis
924 4151 1078 4236 appellato
1099 4152 1296 4216 aedificatum
1318 4153 1427 4216 meras

339 4219 523 4290 anaema
543 4227 597 4292 u.
623 4253 660 4297 τ.
681 4229 773 4309 ..νιος
795 4231 813 4297 a
841 4237 875 4298 a
894 4234 1051 4318 ταας,
1070 4239 1102 4298 in
1123 4255 1182 4322 quo
1205 4231 1240 4295 τό
1262 4233 1428 4317 Mezada
