3075 4825
301 359 459 428 lt'ALIOE
487 360 738 426 numanam
766 360 957 431 tamara.
1089 334 1175 455 373

99 511 153 577 alia
168 513 284 598 guarda
303 534 392 592 verso
407 525 515 592 ostro,
536 535 595 574 ove
616 512 713 576 havea
735 513 817 577 laeto
839 516 888 579 far
908 536 970 579 uno
990 524 1081 601 porto
1100 538 1175 581 over

100 599 258 661 maistatio
284 620 344 681 per
374 598 517 681 confugio
543 596 611 658 delo
643 618 732 659 neve.
764 598 797 659 in
826 610 933 683 questo
956 608 1059 683 tempo
1080 602 1175 664 torno

102 680 227 743 Painsite
258 681 338 743 eollo
373 682 505 742 exercito
536 678 616 741 dalle
634 691 721 761 parte
747 680 786 743 de
806 682 899 765 Pergi
922 683 962 745 de
979 682 1174 766 Pamphilio,

100 762 232 827 havendo
253 785 383 826 conseeo
404 761 555 825 Emanuel
576 760 740 845 Paleologo
760 786 818 825 con
841 776 929 828 cento
950 766 1100 845 stratioti,
1121 789 1174 829 oo-

96 866 140 909 nte
159 846 309 929 desupra
332 845 362 909 el
382 867 501 907 sermon
523 856 626 907 nostro
638 844 677 906 lta
697 846 890 913 demostrato.
911 848 953 909 Et
973 848 1088 911 havuto
1109 853 1176 913 avi-

95 950 126 987 so
151 929 218 991 dela
251 951 333 991 nova
351 929 485 1002 fabrica,
514 928 636 991 subbito
665 928 729 989 sece
758 932 899 991 nuntiare
933 930 1091 991 aZuanni
1114 932 1174 993 im-

97 1012 239 1091 peradnre
266 1012 324 1074 ohe
350 1034 370 1073 o
401 1012 513 1073 facesse
540 1010 657 1072 densare
682 1010 711 1071 la
739 1010 875 1091 fabrica,
902 1010 933 1073 la
965 1014 1056 1096 quale
1076 1014 1173 1077 huvea

96 1092 170 1154 lacto
197 1096 266 1156 lare
294 1094 342 1155 ela
371 1106 463 1176 porta
491 1094 612 1170 Crisia,
638 1114 658 1153 o
679 1093 736 1155 elie
760 1094 782 1155 li
814 1094 1004 1157 remandaria
1023 1097 1173 1159 Emanuel

92 1174 249 1258 Paleologo
280 1198 337 1240 suo
357 1178 468 1259 figliolo
490 1198 578 1239 senza
608 1175 688 1237 oclii.
730 1174 837 1238 aldim
856 1178 975 1239 Zuanni
997 1179 1173 1261 imperador

93 1256 266 1344 lainiquitt
293 1259 399 1321 voluta
418 1260 467 1321 del
489 1270 631 1343 tyranno,
657 1268 688 1319 et
708 1278 770 1319 non
791 1262 939 1341 sapiendo
959 1260 1017 1324 ohe
1042 1262 1107 1323 sare
1124 1274 1173 1327 tra

92 1338 120 1401 la
139 1345 221 1424 pieta
255 1340 305 1405 del
335 1344 354 1403 ll
376 1342 448 1405 lioln
474 1342 509 1403 e'l
531 1342 785 1403 comandamento
806 1341 855 1403 del
879 1344 1012 1426 superbo
1031 1346 1170 1427 signore,

92 1433 119 1483 et
146 1426 277 1487 tacendo
297 1429 329 1487 in
355 1364 435 1487 lecto
454 1427 566 1485 afflicto
586 1423 636 1485 dal
665 1422 752 1485 dolon
777 1424 808 1486 di
834 1424 906 1508 pedi
925 1424 1011 1507 perla
1033 1428 1172 1489 inmode-

91 1515 154 1567 rata
175 1507 302 1570 libidine
313 1509 362 1571 del
381 1506 538 1592 superfluo
556 1527 711 1587 magnare,
732 1506 845 1569 bevere
868 1519 898 1569 et
915 1509 1078 1585 luxuriare,
1098 1530 1171 1591 per·

89 1590 214 1653 mancho
243 1590 324 1655 male
350 1590 444 1653 elesse
467 1591 585 1653 desfare
608 1589 636 1651 el
654 1590 822 1674 municipio
842 1589 899 1653 che
918 1590 1015 1653 haven
1035 1592 1171 1654 lubrica·

89 1679 131 1731 to.
179 1674 221 1735 Et
247 1675 329 1737 lacto
363 1685 490 1759 questo,
520 1674 585 1736 fece
616 1672 771 1734 intendere
799 1672 827 1734 al
863 1686 995 1759 tyranno
1016 1672 1074 1735 olea
1094 1696 1171 1737 evea

91 1754 231 1819 mandato
249 1758 288 1819 ad
316 1761 498 1841 exequtione
527 1755 554 1819 el
586 1776 643 1817 suo
673 1755 934 1823 comandamento.
976 1759 1028 1819 Ma
1050 1758 1170 1819 Zuanni

87 1834 258 1917 imperador
282 1840 316 1902 in
337 1852 444 1923 questa
461 1852 522 1902 tem
546 1841 609 1901 esta
636 1850 685 1898 tra
705 1840 783 1901 tanti
812 1838 924 1917 dolori,
944 1838 1114 1921 egritudine
1137 1850 1170 1903 et

88 1923 224 1997 passione
241 1942 304 1983 non
324 1923 454 1983 mancho
483 1862 544 1983 del
562 1942 656 2002 corpo
673 1920 731 1983 elie
747 1920 796 1983 del
817 1922 919 1987 animo
934 1924 1064 1995 afflicto,
1086 1922 1167 2004 pago

84 2000 234 2063 eldebito
261 2004 309 2065 ale
331 2014 451 2076 morte,
487 2013 519 2065 et
547 2002 722 2084 oongmnde
754 2023 834 2085 pena
853 2003 906 2065 fiat
929 2002 957 2064 la
980 2024 1036 2067 sua
1058 2008 1213 2081 miserato

84 2085 154 2149 vita.
197 2086 349 2147 Emannel
368 2086 554 2169 Palaologo‚
586 2104 645 2167 per
663 2088 766 2147 evanti
788 2096 934 2147 coronato
954 2088 1167 2167 impet-adore,

85 2164 176 2227 intesa
204 2168 234 2229 la
267 2181 370 2230 morte
394 2168 434 2231 de
448 2190 507 2230 suo
536 2176 625 2249 patre
660 2186 722 2226 non
752 2167 783 2227 lo
811 2176 917 2242 tento,
940 2190 990 2230 ma
1017 2186 1073 2227 oon
1094 2172 1167 2252 ogni

85 2247 211 2310 velocia
233 2260 325 2314 nocte
351 2273 424 2313 sene
453 2251 555 2311 futla
585 2248 875 2331 Constantinopoli3
906 2258 939 2310 et
968 2249 1108 2332 compito
1138 2249 1169 2311 el

88 2333 188 2410 planto
209 2344 240 2396 et
257 2332 279 2394 li
303 2335 423 2418 exaquii
444 2330 575 2395 ffinerali
598 2332 637 2392 de
653 2352 710 2393 suo
725 2340 814 2416 patre
835 2328 970 2393 seeundo
990 2331 1021 2393 la
1038 2352 1167 2394 consue·

87 2415 208 2494 tudine,
229 2417 374 2480 eomenalt
403 2440 422 2479 a
446 2429 571 2480 seutare
597 2417 630 2477 in
649 2415 680 2476 ln
702 2416 784 2476 sedin
807 2413 977 2497 imperiale,
1009 2414 1166 2478 habiando

90 2499 198 2576 grande
215 2520 293 2561 nura
316 2513 348 2563 et
371 2503 511 2583 pensiero
541 2497 608 2560 dele
639 2518 710 2560 cose
729 2499 768 2559 de
794 2496 955 2580 l’imperio.
996 2497 1032 2558 ln
1057 2509 1166 2582 questo

88 2587 183 2663 tempo
205 2582 392 2646 intendendo
420 2584 450 2644 el
469 2594 601 2666 tyranno
616 2579 646 2640 la
670 2591 770 2641 morte
786 2580 824 2642 de
844 2579 1061 2663 l'imperadore
1081 2591 1112 2642 et
1133 2581 1165 2644 la
1295 2645 1303 2660 ,

88 2659 152 2744 luga
169 2664 207 2726 de
224 2666 375 2728 Emauuel
385 2713 396 2744 ,
417 2665 531 2750 grande
545 2661 681 2724 molestia
700 2673 732 2724 et
749 2661 942 2746 displicentia
966 2663 1110 2744 tresenti,
1130 2673 1164 2726 et

87 2744 161 2808 irato
179 2748 277 2810 molto
295 2750 468 2832 disdignato
491 2770 523 2810 se
537 2746 695 2808 demostrli
712 2757 816 2807 contra
838 2745 860 2806 li
879 2746 924 2806 soi
940 2745 1085 2828 prefecti,
1107 2767 1164 2827 per

87 2824 168 2909 wlpe
189 2830 221 2892 di
245 2831 329 2916 quali
344 2833 467 2894 credive
492 2831 549 2892 ohe
570 2829 670 2913 quella
687 2831 769 2912 palso
786 2828 865 2890 delle
881 2847 937 2889 sne
954 2849 1046 2889 mane
1062 2849 1163 2889 scam·

87 2912 260 3057 primuli*
288 2909 1164 3058 1¹³⁸‘¹³¹”l⁰„¹‘²t⁰⁸ttttttld¹¹2i⁸t⁰ltttlt:

85 3009 559 3142 :ltnlevslnltlailtllprgrzdostlre
582 3017 888 3158 anonstantinopoli
908 3014 1102 3138 unlltoandexe
1121 3076 1162 3138 de
1262 3139 1265 3156 Ι

85 3151 181 3222 lasne
204 3162 270 3225 lese
302 3163 453 3248 (alquale
474 3163 506 3222 ia
531 3160 562 3222 la
590 3179 645 3222 sua
666 3159 768 3242 lingua
798 3157 959 3220 ahiamano
979 3158 1081 3236 Cadl),
1102 3158 1161 3222 elie

85 3234 231 3308 Μωυσῆ
252 3243 541 3308 audicareseonndo
561 3241 590 3303 la
609 3242 671 3303 lete
692 3241 826 3303 Arabica
851 3241 976 3303 tuttele
996 3262 1085 3304 cause
1099 3241 1162 3308 olio

84 3317 238 3390 &vesteno
259 3331 388 3392 avertite
411 3340 460 3390 tra
478 3324 645 3387 Christiani
677 3336 709 3386 et
727 3324 936 3400 Musnlmani,
958 3325 1157 3406 parthenon

85 3423 130 3466 era
145 3406 225 3476 linito
243 3411 302 3474 alie
320 3414 390 3474 iani
408 3410 593 3473 Musulmani
609 3407 776 3469 dovesseno
796 3417 881 3470 stare
899 3407 930 3470 al
950 3407 1057 3470 iuditio
1078 3408 1157 3471 d’in-

85 3485 177 3557 fedeli.
214 3495 387 3557 Eteonon
408 3493 509 3557 volivo
532 3492 580 3554 far
600 3501 679 3552 tutte
702 3489 731 3551 le
761 3509 831 3552 cose
851 3489 969 3552 allelui
989 3489 1156 3552 comanda-

84 3586 136 3714 t:
160 3579 345 3722 ”ona
373 3587 462 3721 Pu
484 3575 648 3720 that
665 3583 707 3716 a
726 3571 1157 3718 tirannum

85 3677 482 3827 dorpaiffltlnnsetanllanoplllill
507 3681 629 3804 lulum
652 3737 696 3799 lui
717 3760 777 3800 eon
807 3739 839 3800 lu
857 3679 988 3800 calcino
1003 3737 1092 3878 passo
1112 3737 1152 3796 da

85 3813 214 3905 Bithynia
229 3829 262 3887 in
282 3828 416 3905 Tranio,
446 3825 594 3888 vastando
609 3833 688 3882 tutte
704 3821 735 3883 la
756 3825 926 3904 provintie,
950 3833 962 3882 t
1015 3817 1154 3880 landola

86 3904 227 3968 animem
254 3911 265 3970 i
283 3908 342 3972 loci
362 3909 443 3971 onds
461 3929 556 3970 erano
586 3907 704 3980 native,
722 3915 752 3966 et
763 3905 1011 3988 trasportandoe
1030 3905 1061 3960 in
1082 3899 1194 3969 lon-50

87 3987 139 4044 ¹³⁰5
153 3994 234 4069 paesi
256 3992 416 4058 l'orestieri.
459 3993 552 4054 Prese
570 3987 724 4050 Soloniohi
744 3999 774 4048 et
792 3988 894 4050 tutto'l
920 4007 975 4050 suo
996 3985 1150 4046 destricto.

86 4061 112 4123 la
126 4067 330 4156 Peloponneso
353 4073 466 4136 mando
485 4073 658 4134 Attranesio
687 4071 826 4154 principe
847 4068 986 4132 Turcho.
1009 4069 1039 4128 in
1058 4066 1087 4127 le
1105 4069 1149 4127 oi-

86 4149 148 4210 ltde
167 4151 195 4252 le
213 4158 304 4241 quale
319 4180 394 4220 sono
414 4169 535 4240 exposta
546 4156 575 4216 al
592 4175 676 4214 maie
691 4153 824 4229 Eusino,
840 4149 953 4210 arando
969 4149 1148 4223 anacltam3

84 4225 95 4286 3
117 4236 390 4324 uohgmuamm
409 4239 437 4304 le
457 4253 556 4312 terre,
585 4261 604 4301 e
626 4235 654 4300 le
685 4237 787 4302 anime
807 4233 999 4302 inandavann
1027 4231 1150 4300 indura
