3075 4825
321 338 403 423 272
557 333 696 401 uuella
722 330 937 400 uictimis
971 331 1140 399 Naeotls
1225 318 1228 325 “

319 490 379 554 τοῦ
408 488 533 570 τείχους
560 484 689 571 ἔστησεν
713 488 749 552 ir
767 487 806 572 τῇ
836 482 920 574 πύλη
954 488 1010 550 τοῦ
1032 480 1122 568 ἁγίου
1137 477 1299 563 Ῥωμανοῦ
1317 484 1396 563 πλη·

319 584 397 654 σιὀν.
450 584 506 651 καί
540 583 646 669 λαβὼν
666 592 793 669 σημεῖον
811 580 835 647 ci
861 586 1021 669 τεχνίτης,
1043 580 1108 666 είχε
1129 580 1189 666 γὰρ
1210 583 1246 646 ι”ιτ
1265 583 1396 661 πλαγίου

321 682 449 773 φωλιύς
469 686 527 751 δύο
539 688 839 767 νατεσιιιυασμένας,
859 680 1027 771 χωρούσας
1043 686 1159 766 πέτρας
1178 680 1223 759 ὥς
1235 681 1349 763 λιτρῶν
1364 722 1399 742 ..

322 779 496 871 αὐτοφυῶς
515 786 736 867 τεχνασμύνας.
778 787 834 851 καί
852 780 904 849 ύτε
924 779 1074 867 ἠβούλετο
1096 778 1245 846 ἀπολύειν
1266 777 1325 861 τὴν
1339 798 1396 856 με·

293 883 445 970 ογιίλην,
468 886 652 967 ἔσημειούτο
685 879 737 947 τὸν
758 880 856 947 τύπον
892 884 1013 967 πρῶτον
1035 884 1166 963 πέμπων
1184 877 1239 963 την
1258 874 1426 959 μικρύν,5

322 985 378 1049 καί
395 979 469 1049 scias
488 986 700 1064 στοχαστικαῖς
718 980 900 1069 ἐσφενδόνα
918 980 973 1067 την
992 980 1148 1065 μεγίστην.
1188 982 1243 1043 καί
1263 972 1401 1062 κρούσας

320 1080 377 1166 τήν
397 1077 522 1165 πρώτην
539 1082 653 1165 βολὴν,
672 1084 728 1147 καί
758 1081 944 1159 ἀκούσαντες
965 1084 1021 1145 τοῦ
1042 1076 1159 1144 κτύπου
1183 1074 1212 1141 οἶ
1234 1078 1289 1161 τῆς
1309 1070 1403 1138 πόλε-

322 1205 365 1256 ως
383 1180 466 1245 ἐνεοί
482 1179 651 1263 γεγόνασι,
674 1180 730 1245 καί
748 1178 783 1247 τὸ
817 1177 929 1265 „adpre
956 1180 1100 1264 ἐλέησον”
1119 1174 1259 1261 ἔκραζον.
1303 1166 1343 1257 ἧν
1365 1174 1404 1235 δὲ

319 1276 394 1346 τότε
413 1277 492 1345 suad
515 1276 549 1344 τύ
571 1276 644 1357 ἔθος
662 1280 861 1365 εύρεθεῖσαῆ
883 1277 975 1345 τίνων
994 1283 1051 1363 τῆς
1068 1276 1306 1361 πανυπεριίγνου
1328 1276 1404 1337 θεο-

319 1375 413 1443 τύιιου
447 1382 487 1465 τῇ
507 1373 661 1461 ἓβύομοίδι
686 1384 744 1463 τῆς
761 1382 1003 1465 διακαινησίμου
1025 1380 1059 1443 ἐν
1078 1381 1122 1465 τῷ
1143 1378 1305 1463 παλατίῳ·
1348 1370 1405 1435 καί
1416 1402 1448 1440 ιο

320 1473 425 1544 ἔκτοτε
455 1476 607 1560 συχνάκις
632 1476 812 1544 ίλιτύνευον
846 1480 880 1544 ἐν
900 1482 941 1565 τῇ
967 1482 1050 1565 μονῇ
1075 1484 1131 1562 τῆς
1158 1473 1285 1560 χώρας,
1309 1468 1404 1554 soii

320 1575 416 1645 είκύν
440 1580 511 1643 ἐκεῖ
533 1576 642 1643 ἵστατο
674 1580 788 1662 μέχρις
807 1575 963 1655 ἁλύσεως.
1005 1581 1077 1644 τότε
1098 1580 1273 1663 ἐπληροῦτο
1293 1570 1328 1641 τύ
1348 1569 1406 1663 ῥη-

320 1679 380 1741 θὲν
402 1672 490 1761 παρὰ
517 1677 576 1741 τοῦ
603 1678 683 1740 θεοῦ
708 1672 762 1741 dcci
789 1679 847 1741 τού
863 1676 1013 1762 Ἰερεμίου
1042 1678 1185 1761 λέγοντος
1202 1678 1277 1756 ,ἵνα
1297 1674 1333 1739 τί
1347 1695 1408 1754 μοι

320 1776 449 1857 λιβανον
475 1775 511 1839 ἔκ
531 1771 622 1854 Σαβοὶ
654 1777 764 1861 φέρεις
793 1773 850 1838 καί
867 1773 1066 1859 κιννάμωμον
1095 1778 1130 1839 ἐκ
1148 1776 1206 1859 γῆς
1224 1768 1406 1855 μακρόθενς
1517 1770 1518 1841 i

220 1889 252 1944 V·
266 1870 362 1945 ιι3τοὶ
396 1868 640 1954 ὁλοκαυτώματα
670 1872 762 1955 ύμιῦν
793 1873 850 1937 ούκ
889 1870 975 1938 ἔστιν
1005 1870 1119 1956 drussi,
1152 1876 1209 1937 καί
1236 1868 1271 1937 αἱ
1290 1873 1405 1935 θυσίαι
1419 1874 1450 1936 ι5
1517 1866 1518 1949 l

289 1973 417 2055 Βύμῦν
437 1974 499 2054 ούχ
517 1965 639 2056 itaer
658 1994 725 2053 μοι.
766 1968 820 2035 dcci
840 1974 932 2037 τοῦτο
956 1968 1031 2037 aricia
1050 1976 1131 2056 λέγει
1153 1968 1272 2055 κύριος.
1311 1965 1405 2045 ἰδού,
1517 1964 1518 2025 i

327 2069 388 2156 ίγύ
411 2072 527 2153 δίδωμι
544 2072 598 2136 ἐπὶ
617 2069 673 2135 τὸν
692 2068 768 2135 λαὸν
797 2072 907 2135 τοῦτον
926 2070 1111 2153 ἀσθένειαν,
1134 2068 1189 2135 καί
1210 2062 1409 2153 οἷοθενὴσου-
1517 2050 1518 2105 λ

326 2196 380 2238 σιν
406 2173 441 2237 ἒν
466 2153 559 2259 αύτῇΙ
577 2171 711 2255 πατέρες
742 2168 797 2235 καί
824 2168 890 2234 υἱοί
920 2164 1007 2254 ἅμα,
1034 2169 1143 2254 γείτων
1162 2167 1219 2234 καί
1237 2168 1254 2233 ci
1275 2171 1409 2255 πλησίον

326 2270 429 2335 αύτσῦ
447 2271 649 2334 οίπολοῦιται.
697 2267 776 2333 τάδε
805 2270 887 2352 λέγει
910 2265 1029 2351 κύριος.
1069 2266 1160 2351 ἰδού,
1180 2266 1258 2343 λαός
1277 2264 1410 2352 ἔρχεται

326 2368 389 2436 α’πό
408 2373 511 2455 βορρᾶ
538 2373 594 2435 καί
612 2366 704 2446 ἔθνος
725 2373 829 2451 μέγα,
862 2371 918 2433 καί
942 2373 1084 2451 βασιλεῖς
1102 2366 1213 2462 πολλοίΙ
1242 2368 1453 2452 ἑξεγερθη-ιο

326 2491 439 2532 σονται
471 2469 527 2530 ἀπ’
561 2465 697 2550 ἐσχάτου
720 2472 777 2550 τῆς
797 2469 874 2551 γῆς,
905 2466 991 2546 τόξον
1011 2470 1065 2531 καί
1084 2470 1211 2552 ζιβύνην
1231 2464 1409 2552 κρατήσου-

325 2589 389 2635 σιν.
430 2562 543 2646 ίταμύς
565 2569 633 2630 ε’στι
652 2570 709 2630 καί
728 2566 786 2628 οῦν
815 2564 946 2650 ἐλεήσει.
987 2565 1075 2654 φωνή
1098 2567 1200 2632 αὐτοῦ
1219 2566 1264 2643 οἷς
1281 2567 1409 2632 θάλασ-

326 2687 371 2729 σα
390 2667 596 2744 κυμαίνουσα.
620 2665 674 2751 ἐφ’
692 2664 799 2741 ἵπποις
822 2669 877 2729 καί
891 2659 1012 2751 ἅρμασι
1031 2664 1276 2753 παρατάξονται,
1298 2659 1407 2750 τύσνιερ

328 2884 465 2938 rebantur.
491 2889 563 2935 terra
580 2899 643 2936 vero
669 2889 834 2935 tormentum
851 2883 980 2940 bellicum
997 2883 1067 2936 illud
1083 2887 1199 2937 immane
1220 2885 1248 2936 in
1266 2886 1409 2937 moenium
1517 2921 1518 2924 κ

327 2965 501 3026 conspectum
528 2962 655 3016 tractum,
673 2971 728 3006 non
747 2955 826 3024 longe
844 2973 859 3005 a
877 2955 902 3006 S.
922 2955 1034 3006 Romani
1055 2965 1147 3024 porta,
1168 2956 1284 3007 locatum
1303 2964 1354 3008 est.
1375 2955 1410 3008 ad
1517 2953 1518 3014 J

327 3044 437 3097 scopum
466 3026 632 3078 destinatum
655 3025 753 3076 artifex
780 3026 965 3078 collimaturus
991 3026 1030 3078 sic
1047 3043 1076 3077 se
1101 3025 1222 3095 parabat.
1239 3027 1410 3078 bombardae

326 3098 409 3148 binae
427 3098 532 3148 locatae
552 3103 631 3148 erant
648 3111 682 3146 ea
698 3094 829 3166 obliquo,
846 3096 967 3165 lapidum
989 3097 1018 3147 in
1039 3096 1134 3166 globos
1153 3097 1253 3148 affabre
1272 3097 1411 3149 deforma·
1517 3099 1518 3134 ἶ

325 3175 416 3221 comm
433 3167 563 3218 librarum
588 3165 680 3237 pondo
708 3181 827 3236 capaces.
844 3169 973 3218 maiorem
991 3167 1040 3218 illa
1058 3168 1232 3236 exploratus,
1250 3167 1342 3219 locum
1362 3169 1411 3220 de·
1517 3169 1518 3190 ¹

326 3239 461 3306 signatum
487 3237 588 3289 minori
621 3237 737 3306 primum
761 3236 924 3306 quassabat:
962 3247 1035 3288 certo
1061 3237 1161 3290 deinde
1193 3239 1249 3292 ictu
1277 3241 1409 3290 maiorem

326 3309 477 3361 emittebat.
501 3308 536 3358 ad
554 3309 686 3377 fragorem
715 3323 843 3358 accensas
863 3307 1028 3359 bombardae
1048 3309 1208 3379 explerique
1225 3311 1308 3378 primi
1326 3311 1410 3378 globi.

326 3379 465 3450 cpolitani
482 3379 594 3430 attoniti
611 3379 737 3447 mutique
755 3378 897 3430 restitere:
921 3377 1021 3429 deinde
1048 3379 1076 3429 in
1093 3377 1142 3430 has
1167 3396 1244 3431 voces
1266 3381 1410 3440 „domine,

325 3450 642 3518 miserescuemperune
661 3447 757 3517 perid
775 3456 881 3518 tempus
907 3449 1067 3516 purissimae
1086 3449 1214 3518 deiparae
1234 3451 1323 3519 imago
1342 3453 1410 3502 Dia·
1517 3449 1518 3504 l

326 3521 472 3573 caenosimi
492 3521 659 3590 septimana,
677 3517 712 3570 de
728 3535 803 3570 more
829 3521 858 3570 in
875 3519 978 3588 palatio
997 3520 1086 3588 palam
1105 3521 1245 3590 proposita
1269 3531 1341 3586 erat;
1362 3521 1423 3572 ubi.

324 3608 413 3662 usque
441 3590 476 3641 ad
503 3589 576 3642 diem
594 3597 689 3658 captae
706 3589 781 3640 urbis
799 3590 887 3654 stetit,
914 3599 996 3658 atque
1014 3591 1121 3641 iuterim
1139 3593 1169 3642 in
1187 3593 1239 3644 vici
1258 3593 1334 3643 illius
1351 3609 1411 3642 mo-

325 3660 445 3714 nasterio
470 3677 563 3712 omnes
589 3659 714 3729 precibus
743 3659 838 3710 crebro
856 3658 980 3711 litabant.
1005 3677 1075 3729 quae
1093 3660 1160 3712 deus
1180 3679 1229 3730 par
1247 3662 1410 3732 Prophetam

324 3733 466 3785 larentiam
483 3731 521 3802 (6,
538 3730 584 3801 ao)
606 3729 730 3792 dixerat,
749 3738 814 3780 tuna
833 3730 945 3798 impleta
963 3740 1033 3780 sunt.
1054 3739 1102 3789 „ut
1120 3731 1188 3801 quid
1205 3732 1273 3782 mibi
1292 3733 1357 3784 thus
1375 3731 1411 3782 de

326 3803 396 3854 Saba
428 3806 522 3864 atiers,
547 3808 576 3850 et
601 3800 733 3863 calamum
759 3801 959 3852 suaveolentem
992 3801 1026 3851 de
1049 3810 1120 3852 terra
1140 3803 1311 3872 longinqua?
1330 3802 1411 3854 bolo-

326 3882 479 3923 cautomata
497 3879 586 3921 vestra
603 3885 659 3920 non
688 3877 752 3920 sunt
769 3879 896 3938 arrepta,
915 3880 942 3922 et
959 3872 1085 3922 victimae
1101 3881 1206 3923 vestrae
1224 3891 1281 3923 non
1298 3875 1411 3942 placue-

326 3950 389 3993 runt
406 3942 481 3992 mihi.
499 3949 643 4011 propterea
662 3939 730 3989 baec
753 3940 821 3990 dicit
836 3940 968 3992 dominus.
989 3958 1051 3992 ecce
1072 3959 1121 4009 ego
1140 3941 1211 3992 dabo
1230 3943 1259 3994 iu
1277 3943 1410 4013 populum
1517 3939 1518 3960 ¹

326 4011 407 4062 istum
429 4015 540 4074 retinas,
560 4019 588 4062 et
604 4019 684 4061 ruent
700 4011 729 4059 in
747 4012 787 4062 eis
804 4019 894 4080 patres
915 4021 942 4062 et
960 4013 1010 4062 filii
1029 4013 1125 4076 simul,
1144 4013 1249 4064 vicians
1267 4023 1296 4065 et
1318 4011 1410 4082 proxi·

327 4097 385 4130 mus
404 4083 540 4149 peribunt
561 4081 628 4132 haec
645 4079 713 4131 dicit
729 4079 864 4143 alaminus,
881 4097 942 4132 ecce
964 4083 1082 4150 populus
1100 4083 1175 4134 venit
1192 4083 1226 4136 de
1242 4094 1314 4135 terra
1324 4081 1409 4151 Aqui-

327 4148 398 4200 lonis
417 4161 444 4202 et
461 4169 525 4219 gens
544 4169 657 4220 inagna,
676 4160 704 4201 et
718 4167 792 4218 reges
819 4152 897 4201 multi
916 4161 1076 4220 consurgent
1095 4170 1110 4202 a
1129 4153 1230 4206 unibus
1250 4163 1346 4204 terrae.
1365 4169 1410 4202 aa·

327 4219 422 4287 ‘ittam
441 4231 470 4272 et
493 4232 600 4274 scutum
626 4223 765 4292 arripient.
793 4221 911 4274 crudelis
939 4232 997 4286 est,
1016 4233 1045 4275 et
1067 4237 1123 4275 non
1148 4223 1337 4275 miserebitur:
1354 4237 1410 4276 vox
