3075 4825
333 311 420 418 284
588 338 729 405 nonan
755 334 968 405 surcularis
988 330 1158 451 narona

334 499 389 579 τῆς
422 492 545 578 χρυσῆς
573 488 674 575 πύλης
705 490 740 556 ἓν
779 488 896 579 ἑκάστῳ
932 489 1118 575 προμαχύνι
1154 478 1207 570 elci
1233 478 1256 569 ἢ
1291 480 1414 567 τοξότης

335 590 360 676 ἢ
378 590 544 676 τζαγρύτης
562 584 584 673 ἢ
604 589 850 675 πετροβολιστῆς.
889 590 996 653 πᾶσαν
1017 580 1074 651 σύν
1086 581 1143 669 τῆν
1161 581 1258 651 νύκτα
1282 577 1413 662 διαβύν-

334 713 388 766 τες
414 685 603 774 ἀγρύπνους,
636 692 711 773 μηδ’
732 685 875 755 ὁπωσοῦν
903 688 1116 769 κοιμηθέντες.
1167 678 1198 746 oi
1221 681 1257 745 tt
1277 680 1413 764 Τούρκσι
1522 708 1523 755 3

337 789 397 856 σύν
416 791 460 874 spi
481 781 607 871 ἦγεμύνι
623 783 776 853 ἔσπευδον
797 784 969 872 πλησιάσαι
996 782 1036 849 τύ
1056 785 1161 867 τείχη,
1184 783 1329 867 φέροντες
1348 780 1415 843 κλί-

310 900 449 973 Βμακας·
462 886 542 971 ύπὲρ
563 884 701 970 α’ριθμὸν
720 886 1102 970 προκατασκευασθειλιας.
1144 879 1161 947 ὅ
1185 879 1336 963 τύραννος
1357 870 1443 947 σύν5

338 985 502 1067 ἐξόπισθεν
529 987 587 1068 τῆς
613 990 815 1071 παρεμβολῆς
850 988 884 1051 ἐν
910 982 1017 1072 ῥύβδην
1040 982 1156 1070 σιδηρᾷ
1176 973 1314 1043 ἐλαύνων
1337 974 1416 1063 πρὸς

337 1082 379 1151 τύ
401 1081 491 1167 τείχη
511 1079 587 1158 τούς
606 1083 755 1163 τοξότας,
778 1086 823 1170 πῆ
841 1086 900 1164 μὲν
918 1076 1095 1146 κολακεύων
1120 1082 1154 1145 ἐν
1172 1080 1296 1161 λύγοις,
1318 1079 1362 1161 πῆ
1381 1078 1440 1139 ὄλ·

338 1184 488 1259 ἀπειλῶν.
542 1178 572 1245 οἱ
600 1183 636 1247 tt
659 1184 714 1265 τῆς
745 1180 866 1256 πόλεως
899 1175 1111 1261 ἆντεμύχοντο
1128 1176 1283 1260 ἀ’νδρείως
1303 1168 1416 1257 ύσονῆ

338 1278 485 1364 δύναμις.
528 1274 545 1343 si
567 1281 603 1345 tt
617 1276 762 1366 Ἰωάννης
780 1281 927 1365 γενναίοις
947 1278 1119 1363 παρίστατο
1138 1272 1199 1341 σύν
1217 1282 1282 1350 τοῖς
1304 1267 1416 1358 αύτού,

339 1376 424 1465 ἔχων
441 1377 498 1444 καί
518 1373 579 1458 τὸν
597 1381 730 1462 βασιλέα
750 1377 899 1462 ἔνοπλον,
923 1375 984 1443 σύν
1003 1373 1088 1465 πύση
1108 1377 1148 1462 τῇ
1166 1372 1339 1461 παρατάξει
1360 1373 1417 1437 οἶν-
1430 1399 1463 1439 ιο

339 1478 554 1561 τιμαχύμενοι.
603 1476 647 1554 αἷς
667 1470 724 1543 ούν
745 1475 873 1559 ἔμελλον
899 1484 1086 1559 μεταπεσεῖν
1107 1471 1149 1539 τοὶ
1169 1476 1225 1557 τῆς
1243 1468 1343 1558 τύχης
1363 1471 1419 1537 ἄν·
1522 1476 1523 1557 j

338 1579 571 1663 δραγαθῆματα
589 1578 625 1644 ε’ν
641 1581 737 1661 χερσὶ
754 1580 818 1641 τοῖν
842 1573 999 1662 Τούρκονν,
1020 1577 1150 1661 α’φελλεν
1170 1572 1188 1637 ri
1207 1571 1283 1647 θεὸς
1305 1575 1343 1637 ἐκ
1361 1573 1420 1637 τού

340 1679 440 1759 με’σοο
466 1678 520 1761 τῆς
552 1678 754 1761 παρεμβολῆς
773 1680 835 1740 τῶν
851 1674 1016 1759 Ῥοιμαιίον
1036 1670 1093 1738 τύν
1115 1670 1291 1757 στρατηγὸν
1312 1672 1420 1736 αύτολν
1522 1710 1523 1713 =

339 1780 471 1861 γίγαντα
490 1778 546 1841 κατ’
557 1775 713 1857 ’ἰσχύοντα
733 1772 789 1840 καὶ
806 1766 975 1861 ἄνθρωπον
998 1768 1196 1858 πολεμιστήν.
1217 1772 1334 1857 ἐπλήγη
1353 1768 1418 1854 γὰρ

341 1877 397 1941 διὰ
415 1873 652 1958 μολοβδοβύλοα
680 1876 715 1940 ἒν
751 1878 791 1962 τῆ
815 1872 903 1958 χειρὶ
935 1866 1066 1938 ὄπισθεν
1091 1878 1147 1939 τού
1165 1869 1348 1960 βραχίονος,
1369 1866 1419 1936 ἔτι
1433 1876 1464 1939 15

342 1977 468 2049 σκοτίας
500 1965 615 2057 ούσης,
647 1971 702 2036 καί
726 1970 898 2057 διατρήσας
928 1970 986 2057 τῆν
1013 1972 1148 2056 σιύηρᾶν
1175 1970 1345 2055 χλαμύδα,
1366 1972 1423 2037 καὶ
1522 1970 1523 2035 l

317 2070 414 2157 οῆτις
433 2072 557 2158 ύπῆρχε
575 2074 846 2157 κατεσκευασμένη
866 2070 909 2149 τύς
922 2070 962 2137 τύ
985 2073 1043 2135 τού
1062 2072 1227 2154 Ἀχιλλέως
1248 2064 1344 2151 ὅπλα,
1364 2068 1421 2132 οὐκ

342 2171 479 2260 η’δύνατο
503 2171 568 2235 ύπύ
600 2177 656 2254 τῆς
683 2173 800 2255 πληγῆς
827 2170 966 2257 η’ρεμεῖν.
1020 2168 1076 2235 καὶ
1105 2174 1188 2253 λέγει
1218 2172 1263 2257 τῷ
1295 2173 1424 2251 βασιλεῖ

341 2274 458 2356 ,στῆθι
483 2271 692 2355 θαρσαλέοις,
724 2268 785 2354 ε’γώ
807 2272 843 2335 δὲ
865 2272 963 2353 μέχρι
986 2271 1042 2354 τῆς
1060 2268 1134 2353 νηύς
1153 2264 1346 2349 ἐλεύσομαι,
1366 2260 1422 2330 κύ-

341 2379 393 2434 κεῑ
414 2371 590 2454 ιάτρεοθείς
620 2365 717 2451 τάχος
743 2370 1002 2452 ἐπαναστρέγω.”
1054 2360 1094 2452 ἦν
1113 2365 1173 2452 γύρ
1206 2367 1241 2432 ἐν
1260 2366 1363 2454 ἐκείνη
1383 2367 1464 2454 apiae

343 2464 409 2556 n‘ipp
427 2471 628 2552 πληροῦσθαι
651 2469 691 2533 τοὶ
711 2467 765 2533 διαὶ
786 2472 845 2532 τού
863 2470 1012 2553 Ἱερεμίου
1032 2470 1182 2551 λεχθέντα
1203 2474 1268 2543 τοῖς
1285 2466 1421 2534 Ἰουδαί-

344 2589 390 2641 οις
410 2561 534 2646 ,μύτανς
565 2566 663 2651 ἐρεῖτε
692 2564 773 2650 πρὸς
793 2568 960 2658 Σεδεκίαν·
981 2567 1055 2632 τάδε
1076 2569 1159 2651 λέγει
1178 2564 1286 2651 κύριος
1307 2563 1326 2630 o‘
1347 2562 1424 2640 θεὸς

339 2663 477 2748 Ἰσραήλ.
518 2661 610 2742 ιἰλού,
632 2662 693 2747 cys
712 2666 919 2751 μεταστρὲφω
934 2665 975 2730 τοὶ
996 2659 1078 2729 ὅπλα
1097 2664 1138 2732 τύ
1158 2660 1310 2746 πολεμικὰ
1330 2661 1372 2728 τύ
1388 2667 1423 2728 ἐν

343 2769 413 2842 ταῖς
433 2759 545 2848 χερσὶν
565 2762 672 2845 ύμοῖν,
694 2766 729 2829 ἒν
747 2757 795 2841 οἷς
815 2763 905 2846 ύμεῖς
924 2771 1085 2848 πολεμεῖτε
1107 2767 1141 2831 ἒν
1159 2765 1265 2840 αὐτοῖς
1285 2760 1343 2828 τὸν
1362 2767 1421 2846 βα·

341 3025 379 3076 lis
395 3022 515 3094 denique
531 3022 748 3092 propugnaculis,
770 3024 842 3075 inter
858 3031 950 3107 portas
967 3024 1106 3094 pulchram
1125 3033 1153 3077 et
1169 3041 1292 3088 auream,
1308 3041 1361 3093 per
1379 3031 1420 3076 to-

340 3103 399 3148 tum
415 3110 555 3146 murorum
573 3092 720 3157 ambitum,
745 3094 898 3162 sagittamus
920 3113 1006 3160 unua,
1024 3095 1157 3147 iaculator
1177 3097 1221 3147 vel
1239 3095 1421 3165 sclopetarius

340 3165 485 3234 impositus
504 3172 580 3229 erat,
596 3172 709 3232 totaque
727 3164 776 3215 illa
798 3173 878 3216 nocte
894 3167 999 3234 vigilius
1015 3175 1143 3235 ,egerunt
1161 3174 1191 3218 at
1209 3167 1310 3230 Turni,
1332 3167 1423 3218 conci-

340 3243 417 3289 tante
431 3236 555 3304 principe
572 3251 630 3298 suo,
648 3233 732 3286 scalas
747 3235 830 3286 muris
842 3237 961 3288 infinitas
980 3237 1122 3288 admovere
1135 3236 1272 3289 festinant.
1291 3245 1422 3304 tyrannus

339 3313 404 3377 post
420 3305 507 3356 aciem
522 3306 623 3374 virgam
640 3305 753 3356 ferream
766 3314 884 3374 gestans,
904 3307 970 3359 alias
988 3305 1166 3370 blandiendo,
1186 3308 1253 3359 alias
1268 3305 1421 3358 minitando

297 3432 299 3435 ,
340 3375 494 3446 sagittarios
508 3374 544 3428 ad
554 3376 662 3428 moenia
682 3376 831 3445 impellere,
851 3393 965 3447 quorum
984 3378 1115 3447 impetum
1132 3377 1198 3430 totis
1216 3376 1319 3430 uiribus
1343 3377 1419 3427 obni-

339 3445 425 3504 tendo
443 3445 615 3498 sustinebant
632 3445 744 3498 obsessi.
761 3447 894 3500 Iohannes
913 3449 1027 3517 stipatus
1045 3450 1117 3511 suis,
1136 3456 1164 3500 et
1182 3449 1229 3516 qui
1248 3465 1320 3498 arma
1342 3446 1422 3498 indu-

340 3523 386 3570 tus
405 3517 550 3586 imperator
568 3515 662 3569 aderat
677 3535 736 3569 cum
750 3518 836 3587 copiis
855 3519 1001 3583 universis,
1030 3519 1128 3570 acriter
1146 3519 1281 3586 praeliari.
1301 3535 1362 3568 cum
1381 3533 1421 3567 er-

340 3603 375 3658 go
392 3587 538 3639 ad'l'urcos
558 3587 666 3639 fortuna
681 3605 810 3658 prospera
828 3604 856 3640 se
874 3605 937 3638 mox.
954 3605 1114 3640 conversura
1131 3596 1220 3652 essct,
1239 3605 1271 3640 ea
1290 3589 1422 3638 llomaeo-

342 3675 401 3710 rum
417 3659 476 3709 acie
494 3657 594 3720 merlin,
612 3657 707 3709 ducem
716 3658 868 3726 Gigantum,
887 3657 1048 3710 bellicosum
1066 3659 1218 3729 sortemque
1238 3659 1335 3720 virum,
1354 3657 1421 3708 deus

273 3767 278 3779 .
341 3727 465 3781 abstulit.
491 3729 515 3781 is
536 3725 635 3797 glande
664 3726 793 3796 plumbea
819 3727 849 3780 in
872 3745 966 3781 manus
989 3737 1066 3798 parte
1093 3729 1256 3798 posteriori,
1275 3735 1421 3796 antequam

340 3797 507 3863 lucesceret,
531 3798 705 3861 vulneratus,
733 3807 862 3868 perrupta
885 3799 1025 3866 chlamyde
1054 3798 1156 3863 ferrea,
1180 3801 1259 3851 armis
1290 3797 1422 3849 Achilleis

341 3937 454 4023 tirmiter
470 3939 517 3992 laic
533 3946 592 4003 τῖες
609 3954 658 4059 ,ειηο
675 3937 774 4021 vulpns
794 3947 933 4022 curaturus
950 3939 985 3991 ad
1002 3957 1097 3992 navem
1117 3957 1160 3992 me
1178 3941 1295 4003 consero,
1313 3937 1422 4021 hucque

343 4015 435 4060 statam
456 4017 581 4062 revertar.
608 4025 618 4059 1
641 4025 657 4059 a
682 4025 785 4078 anppe
802 4009 869 4060 hora
887 4009 1061 4079 adimplenda
1078 4020 1169 4072 erant,
1189 4027 1259 4080 quae
1277 4008 1389 4061 Iudaeas
1407 4025 1422 4056 a
1522 4013 1523 4048 l

343 4077 457 4130 Ieremia
473 4079 515 4150 (τι
535 4079 562 4151 3)
580 4077 653 4131 (licta
670 4087 741 4131 sunt„
758 4079 815 4137 „aie
836 4079 932 4132 dicetis
961 4079 1102 4132 Sedekiae.
1123 4081 1191 4133 haec
1210 4081 1277 4133 dicit
1295 4078 1422 4133 (lominus

343 4143 410 4198 deus
423 4149 515 4201 lsrael.
533 4166 595 4201 eccs
614 4167 663 4220 ego
692 4157 844 4202 convertam
865 4167 926 4202 vasa
944 4149 1030 4214 belli,
1048 4167 1118 4222 qnae
1136 4152 1165 4204 in
1182 4149 1308 4202 manibus
1326 4149 1422 4202 vestris
1522 4167 1523 4172 ¹

343 4223 409 4270 sunt
424 4218 566 4290 atquibus
584 4237 631 4274 ros
648 4221 773 4292 pugnatis
792 4220 931 4274 adversum
952 4237 1039 4291 regem
1052 4221 1196 4290 Babylonis
1215 4231 1244 4276 et
1256 4219 1419 4282 Chaldaeos,

935 4316 945 4360 l

1522 3435 1523 3474 l

340 3869 416 3937 pari,
436 3887 501 3938 prae
528 3867 622 3920 dolore
639 3875 710 3920 stare
738 3869 854 3938 amplius
872 3887 928 3921 non
944 3877 1060 3940 poterat.
1079 3869 1235 3938 imperatori
1252 3870 1315 3922 ideo
1336 3867 1422 3920 dixit:

1522 4057 1523 4096 l

1522 4115 1523 4164 l
