3075 4825
345 408 505 473 rmnrcn
533 406 784 470 samarcam
815 406 1004 473 saccaro,
1134 384 1217 469 355

139 568 331 657 grandissima
358 586 434 648 pena
469 586 525 647 per
547 564 575 624 la
604 564 832 649 liora-extrema
853 586 977 647 passava
1000 558 1115 629 desua
1136 570 1218 647 vita,

138 668 165 716 et
182 656 280 714 intoso
308 650 365 710 che
384 646 474 709 Milos
496 669 551 707 suo
570 646 735 708 fortissimo
755 648 907 709 cavalicro
927 648 959 709 lu
980 650 1075 712 havea
1096 665 1218 731 morto,

139 738 158 797 li
180 736 264 798 ocrhi
295 743 327 793 et
354 731 383 792 le
415 750 504 791 mane
525 730 552 789 al
583 730 638 790 ciel
669 730 799 792 levando
828 732 1043 795 devotamento
1067 738 1166 797 disse:
1189 738 1219 797 0

136 821 196 881 alto
209 818 272 895 dio,
292 827 409 875 creator
430 815 468 874 de
489 824 567 873 tutto
590 814 761 891 l'nniverso,
785 836 874 876 senza
892 828 944 875 tna
966 810 1092 877 voluntis
1117 820 1147 877 iu
1170 840 1220 879 ar-

134 904 205 965 bore
225 897 289 961 non
308 904 331 959 si
350 918 440 957 move
460 896 579 956 frondc.
624 896 737 957 Poicbe
753 894 801 959 ala
821 910 873 959 tua
893 900 1016 960 molestis
1037 900 1099 961 cosi
1121 904 1218 982 piace,

134 988 209 1047 ch'io
231 985 264 1044 di
278 1004 326 1043 mc
348 992 380 1042 ct
401 979 451 1041 del
466 984 528 1041 mio
550 983 736 1061 imperiosis
758 979 862 1065 d'ogni
882 1003 1025 1064 speranza
1045 984 1147 1065 privo,
1169 1006 1221 1045 or·

134 1074 191 1130 mai
213 1066 319 1129 recevi
342 1065 463 1124 l'anim'e
485 1064 544 1123 mia
575 1063 623 1123 nol
645 1084 739 1144 regno
759 1073 833 1143 tu03
856 1063 885 1125 la
910 1065 981 1149 qual
1003 1066 1041 1127 de
1063 1068 1143 1127 bona
1164 1088 1222 1129 vo·

132 1152 190 1235 glia
213 1162 245 1212 te
270 1150 299 1209 la
328 1145 484 1221 offerisoo,
519 1146 649 1229 poich’io
670 1144 751 1209 vado
775 1148 806 1207 lu
829 1148 940 1209 nimico
959 1160 1031 1226 tno,
1053 1146 1085 1211 lu
1107 1150 1221 1213 nimico

132 1240 212 1309 mio,
238 1234 347 1293 avanti
374 1231 452 1291 ch'io
478 1251 578 1307 mora,
613 1250 668 1312 per
691 1250 762 1289 man
790 1228 840 1291 del
862 1235 922 1291 mio
948 1232 1079 1293 cavalier
1099 1234 1169 1293 linir
1192 1236 1222 1295 la

132 1319 196 1379 vita
217 1338 281 1382 soa.
322 1316 364 1377 Et
385 1314 464 1375 ‹licte
484 1325 590 1395 queste
610 1311 734 1394 parole,
760 1313 877 1375 Lazaro
897 1313 930 1375 l’o
955 1326 1056 1377 morto
1083 1316 1121 1377 da
1142 1318 1150 1375 i
1172 1340 1221 1379 se·

130 1404 234 1485 trapi,
260 1400 318 1459 che
338 1396 518 1481 pui'amava
540 1396 679 1473 Amorat,
701 1407 731 1457 et
752 1416 809 1457 con
832 1398 875 1459 lui
894 1397 1019 1459 insieme
1039 1402 1110 1460 tutti
1133 1402 1143 1460 i
1166 1422 1222 1462 no-

131 1484 186 1545 bili
209 1484 249 1545 de
271 1480 300 1542 la
321 1503 373 1541 sua
394 1482 582 1563 compagnia.
623 1480 663 1541 Et
686 1472 791 1563 qnesta
811 1480 841 1539 fo
862 1479 892 1541 la
907 1480 967 1541 line
987 1480 1026 1543 de
1040 1484 1167 1546 Amorat
1190 1492 1222 1544 et

130 1568 171 1627 de
192 1566 306 1643 Milos,
328 1564 515 1624 nobilissimo
536 1562 707 1637 ravellam,
730 1563 769 1623 de
789 1564 903 1624 Lazaro
924 1566 1010 1626 etde
1030 1564 1059 1627 la
1081 1588 1135 1628 sua
1159 1566 1224 1628 ele.

131 1647 265 1711 ctissima
285 1660 379 1711 corte.
421 1650 543 1707 Ancora
564 1646 592 1706 le
614 1668 682 1706 cose
704 1647 783 1706 lactc
804 1656 835 1709 et
851 1660 974 1709 narrate
993 1648 1031 1709 de
1051 1672 1138 1731 sopra
1160 1673 1221 1711 non

130 1733 230 1793 erano
263 1732 360 1792 intese
381 1732 420 1791 ne
442 1733 615 1813 cognosinte
644 1728 693 1790 nel
714 1731 822 1791 dextro
844 1732 884 1791 nb
905 1732 1004 1792 ancha
1025 1732 1075 1793 nel
1099 1735 1222 1795 sinistro

129 1838 255 1894 corno,
279 1814 393 1898 perchb
415 1814 442 1874 el
458 1812 629 1895 paviglione
650 1823 683 1872 et
703 1810 733 1873 la
754 1814 885 1874 statione
903 1813 952 1875 del
974 1816 1051 1887 daca
1072 1816 1222 1879 Amorato

128 1904 182 1959 ern
206 1902 240 1959 in
270 1918 357 1957 mezo
391 1895 440 1956 del
463 1918 571 1977 campo
591 1916 680 1955 verso
700 1894 728 1955 la
748 1897 836 1957 coda.
880 1898 1043 1971 Solmnno,
1067 1897 1137 1959 fiolo
1159 1902 1223 1984 pri·

125 1982 291 2062 r'nogenito
312 1980 351 2039 de
369 1978 537 2055 timorato,
560 2000 611 2037 era
635 1980 787 2059 capitanio
806 1976 855 2038 del
877 1978 982 2039 dextro
1004 2000 1107 2055 corno,
1132 1982 1223 2043 Paia-

124 2064 208 2140 s'ite‚
232 2062 364 2121 secondo
386 2060 478 2139 bolo,
499 2063 550 2121 era
571 2063 711 2143 capitano
740 2059 790 2121 del
812 2082 907 2121 corno
926 2064 1047 2123 sinistro
1070 2063 1119 2123 del
1142 2086 1225 2125 cam-

120 2150 179 2227 po.
209 2143 365 2205 chiamato
386 2144 529 2225 adunque
549 2155 657 2225 questo
671 2144 801 2203 Paiasite
816 2142 889 2203 dalli
910 2147 1036 2231 principi
1054 2144 1133 2205 della
1154 2168 1226 2207 cor·

122 2240 156 2289 te
180 2226 224 2288 de
251 2230 416 2304 Amorem,
437 2229 448 2286 i
467 2224 549 2307 quali
570 2228 601 2285 in
622 2226 692 2286 loro
713 2225 819 2307 lingua
839 2227 978 2287 visirides
1002 2248 1033 2288 se
1054 2226 1226 2309 appellano,

147 2332 185 2372 er
208 2332 294 2371 esser
324 2309 419 2369 molto
449 2321 513 2369 atto
546 2310 575 2369 al
596 2330 750 2391 governo‚
782 2310 803 2368 li
824 2310 983 2369 manifesti)
1003 2320 1083 2371 tutte
1106 2313 1134 2372 le
1158 2332 1226 2373 cose
1240 2332 1268 2387 ¹2

123 2334 157 2456 le
178 2392 277 2478 quale
299 2404 348 2454 tra
363 2392 432 2453 loro
445 2392 606 2453 havcvano
626 2404 731 2453 tenute
746 2402 870 2464 secrete,
894 2404 923 2454 et
944 2415 1030 2455 come
1047 2415 1099 2454 era
1123 2396 1226 2478 segni.

125 2488 160 2540 to
187 2477 219 2540 el
243 2497 317 2537 caso
335 2487 461 2559 paterno
480 2489 509 2537 et
533 2476 561 2536 la
575 2479 707 2537 victoria
728 2475 778 2537 del
798 2475 918 2556 dispoto
929 2477 1044 2538 Lazaro
1061 2487 1092 2538 et
1103 2477 1131 2539 ln
1150 2501 1226 2540 mor-

126 2569 158 2622 te
180 2582 241 2622 sua
267 2570 299 2622 et
320 2561 359 2620 de
376 2563 448 2620 tutti
466 2564 514 2620 sui
536 2559 708 2641 principali.
752 2557 858 2619 Aldite
877 2569 981 2642 queste
1006 2583 1106 2640 nove,
1131 2563 1225 2622 Pala.

124 2641 209 2723 site,
235 2642 455 2704 dissimulando
477 2643 506 2703 el
527 2642 636 2704 dolore
658 2643 737 2703 atla
758 2643 879 2702 tristitia
901 2641 951 2702 nel
970 2663 1025 2703 suo
1048 2643 1148 2723 volto,
1172 2665 1227 2728 per

123 2747 224 2788 nome
259 2725 298 2787 de
332 2747 389 2787 suo
417 2725 513 2808 padre
541 2729 686 2788 Amorato
710 2725 823 2786 mandb
849 2747 865 2784 a
893 2727 1029 2787 chiamar
1060 2725 1225 2806 solmam,

123 2811 185 2872 che
207 2831 268 2871 era
287 2807 340 2869 nel
360 2809 465 2870 dextro
483 2830 595 2885 corne,
622 2834 640 2868 a
661 2807 812 2891 conseglio
841 2829 897 2890 per
915 2830 984 2869 cose
1005 2809 1099 2870 molto
1130 2811 1227 2871 ardue

123 2890 176 2954 del
199 2894 344 2975 imperio.
394 2892 538 2954 Solmano
572 2892 743 2976 ignorando
776 2889 805 2952 le
825 2911 893 2952 cose
921 2892 1056 2974 sequite,
1092 2904 1121 2953 et
1141 2915 1228 2956 come

124 2977 227 3040 molto
251 2975 435 3036 obhediente
453 2975 480 3036 al
505 2987 610 3059 patre,
633 2975 757 3036 subbito
778 2995 894 3054 venne3
918 2985 950 3036 et
970 2987 1085 3036 venuto
1104 2977 1135 3036 so
1155 2997 1228 3058 pre.

122 3073 178 3137 s‘o,
205 3071 240 3122 et
263 3058 332 3118 dela
359 3059 425 3119 luce
445 3060 483 3119 de
506 3058 548 3142 gli
567 3059 636 3119 ochi
654 3056 684 3118 fo
710 3057 819 3119 orbato
845 3058 883 3117 da
905 3079 960 3118 suo
983 3057 1112 3119 fratello.
1135 3057 1228 3119 Paria.

123 3145 187 3204 aith
210 3145 267 3226 poi
291 3142 414 3202 subbito
434 3142 474 3202 da
495 3141 528 3202 lu
548 3141 680 3202 exercito
701 3143 732 3201 so
755 3133 907 3222 appellato
930 3142 1113 3224 imparatior.
1165 3143 1229 3203 Era

123 3237 239 3315 questo
262 3236 447 3286 certamentc
463 3225 555 3284 homo
578 3225 671 3284 molto
685 3223 807 3302 callido,
828 3235 962 3301 versuto,
981 3245 1086 3308 sagace
1107 3235 1136 3285 et
1152 3237 1229 3286 astu·

123 3321 180 3387 to,
217 3321 253 3370 et
278 3309 309 3368 in
332 3305 362 3369 le
385 3330 453 3370 cose
481 3307 624 3369 bellicose
644 3308 855 3368 maximamete
876 3305 1008 3368 sollicito
1032 3319 1062 3370 ct
1084 3309 1228 3388 infatiga-

121 3391 211 3472 bile,
237 3391 282 3452 de
309 3394 411 3452 animo
431 3391 528 3469 fone,
560 3391 609 3451 ‹lel
636 3411 732 3471 corpo
753 3401 900 3468 strenu03
923 3389 961 3452 de
978 3391 1094 3474 vigilia,
1115 3391 1229 3472 satighe

120 3486 153 3536 et
174 3475 286 3536 inedie
313 3477 553 3556 patientissimo,
579 3473 725 3556 inpavido
756 3483 789 3534 et
820 3473 857 3534 ad
880 3477 951 3557 ogni
973 3474 1110 3556 periculo
1131 3495 1228 3556 pron.

122 3559 251 3620 tissimo
275 3576 284 3635 3
312 3560 351 3618 de
383 3561 450 3618 lesu
470 3557 589 3624 Christo
608 3569 638 3618 et
662 3555 741 3617 della
762 3557 829 3618 sede
849 3557 1021 3640 evangelica
1041 3568 1156 3640 quanto
1178 3559 1228 3615 ni.

120 3662 207 3702 suno
232 3641 316 3702 altro
336 3641 375 3700 de
398 3640 498 3724 quella
517 3641 605 3702 etnde
627 3640 835 3700 crudelissimo
853 3642 975 3701 inimico
992 3664 1001 3720 3
1023 3639 1171 3722 discipulo
1189 3639 1229 3699 dc

123 3727 333 3786 Maconmeto
355 3737 384 3784 et
408 3723 487 3784 della
508 3724 570 3786 leze
593 3723 631 3786 de
654 3723 770 3796 Arabi,
795 3733 827 3784 ct
853 3723 891 3783 tle
914 3724 959 3784 soi
983 3723 1230 3784 comandamenti

122 3807 317 3869 observator
337 3807 559 3885 ardentissimo;
583 3809 614 3868 in
633 3805 777 3888 consegli,
800 3806 831 3866 in
854 3805 925 3866 sacti
944 3815 974 3867 et
994 3809 1026 3866 in
1047 3805 1115 3887 ogni
1138 3803 1230 3863 mali.

122 3892 168 3952 tia
190 3891 227 3950 cfr
252 3899 286 3950 et
306 3891 467 3951 noctefine
483 3889 626 3952 nl'ultima
645 3891 720 3950 bora
734 3889 772 3950 de
790 3888 820 3949 la
840 3891 970 3950 suavita
985 3886 1228 3969 vigilantissimm

122 3972 176 4034 del
198 3994 323 4055 sangae
343 3974 411 4036 dele
428 3985 585 4035 mansuete
600 3973 751 4056 pcoorelle
772 3971 811 4034 de
830 3972 900 4033 lesu
915 3971 1039 4032 Christo
1064 3970 1229 4031 devorato.

122 4066 161 4118 r'e
187 4055 370 4118 insatiabile
390 4069 420 4119 et
443 4067 619 4141 persecutor
639 4056 869 4138 inquietissimo.
896 4055 944 4114 De
963 4064 1071 4134 questo
1092 4055 1230 4136 inzegno‚

122 4139 165 4201 de
190 4150 310 4224 questa
331 4152 442 4201 natura
464 4153 495 4202 et
516 4143 661 4215 costumi,
688 4150 758 4221 apto
781 4137 948 4219 al'impcrio
970 4137 1022 4218 piir
1042 4138 1099 4199 che
1120 4140 1230 4198 nisano

124 4222 216 4285 altro
242 4224 306 4283 mai
328 4222 442 4284 desua
464 4235 564 4303 rente,
587 4223 616 4284 io
638 4225 748 4284 vestito
767 4219 820 4282 del
839 4229 942 4280 manto
964 4219 1080 4282 ducale.
1121 4221 1162 4282 Et
1182 4221 1230 4280 la.

124 4317 179 4368 cto
214 4305 413 4388 imperatione
432 4329 486 4390 per
505 4306 535 4368 le
554 4317 654 4369 morte
676 4305 715 4369 de
736 4305 889 4367 amoram
910 4311 941 4365 et
962 4302 1001 4366 de
1022 4305 1155 4384 Lazaro,
1177 4325 1231 4362 co.
1324 4349 1328 4358 .
