3075 4825
338 251 426 364 470
697 275 836 342 nocta
876 272 1071 342 ursionis

337 441 369 496 ta
391 431 469 492 oolla
502 429 615 492 chiesin
639 417 789 491 catlsoli'ca
823 427 863 489 de
892 427 1043 493 Ponento.
1084 425 1156 488 Non
1189 425 1299 490 havete
1320 428 1432 492 voluta

337 517 367 576 le
391 515 609 588 benedictione
638 513 689 576 dal
707 523 812 576 vostro
834 511 1035 594 patriarcha,
1069 511 1098 572 el
1114 509 1208 593 quale
1227 511 1340 575 harde
1358 514 1433 574 des-

336 599 454 660 caeiato
476 597 544 659 dala
567 617 621 663 sua
656 595 814 662 cathedra.
864 596 1055 673 losumepte
1083 593 1229 676 adunque
1257 595 1374 657 hovae
1402 598 1431 657 la

338 679 586 745 inmaledietione
605 679 655 748 dal
675 679 814 740 tribunal
834 678 876 740 de
902 675 956 739 dio
975 677 1197 772 omnipotente.
1235 679 1280 747 Et
1296 681 1331 739 io
1349 682 1431 740 nui-

338 774 412 844 ptor
432 763 593 845 dequesta
616 763 752 844 hystoria
775 761 861 823 viddi
883 781 946 822 eon
966 761 989 822 li
1013 781 1075 823 mer
1097 759 1333 842 ocolsikproprii
1367 781 1432 824 nu

338 845 485 928 Calogrea
513 845 591 908 delle
624 845 777 911 honorate
806 847 857 906 nel
886 864 944 911 suo
963 843 1152 907 monasterio
1176 865 1239 905 non
1261 845 1433 906 solamente

338 949 462 992 mannas
483 939 516 992 et
536 929 631 992 vestir
651 939 734 996 veste
757 925 956 1003 barbadello,
987 948 1037 988 aas
1056 926 1088 993 al
1108 925 1201 988 modo
1219 927 1358 991 aneioo
1377 927 1433 988 ad-

338 1033 428 1074 orare
458 1014 487 1074 el
521 1011 853 1094 pseudo-propbeta,
890 1009 1087 1075 oonsessando
1108 1011 1153 1108 ⁸la
1170 1011 1431 1109 .l¹²¹l'¹⁸¹³'.⁸‘⁰¹¹
1491 1064 1497 1072 .

337 1093 963 1248 ttt‘ttilltllitimtttt‘l't
982 1093 1045 1239 “li
1058 1092 1432 1259 ltffitl‘lt.tt

337 1261 503 1341 spectando
521 1261 551 1321 lu
580 1261 700 1324 assedio
720 1261 749 1322 al
775 1272 881 1343 tempo
901 1281 985 1321 novo
1007 1258 1047 1320 de
1061 1257 1091 1320 la
1109 1259 1290 1339 primavera
1313 1259 1430 1321 mando

338 1343 440 1415 alcuni
466 1344 496 1404 di
528 1343 694 1406 soi·nol›ili
723 1345 782 1404 alle
803 1345 901 1405 insole
919 1354 951 1405 et
973 1343 1046 1406 altri
1067 1340 1150 1402 laelii
1172 1342 1287 1404 diversi
1305 1365 1325 1402 a
1342 1363 1431 1404 eon-

339 1448 434 1507 perer
450 1426 595 1486 frumenti
617 1428 706 1488 bisve
726 1437 761 1490 et
780 1427 892 1510 legumi
929 1448 963 1487 er
985 1426 1155 1486 munitione
1173 1425 1252 1486 della
1272 1428 1335 1486 cita
1356 1427 1431 1485 Zin-

340 1530 401 1590 que
421 1530 498 1570 nave
519 1531 622 1590 grosse
641 1533 702 1571 con
723 1531 783 1570 una
804 1531 883 1572 nave
902 1449 933 1571 ld
949 1510 1040 1590 quale
1056 1527 1156 1570 venne
1173 1509 1215 1570 da
1236 1507 1434 1591 Peloponnen

271 1707 275 1716 .
340 1613 607 1752 {tuttltttlt
632 1592 1433 1758 32⁰lt¹:¹1⁸?{loffelltttffl‘tlss

342 1756 415 1835 olio,
437 1759 572 1834 cambis,
595 1759 673 1820 ficlie
692 1771 723 1821 et
743 1759 783 1819 de
804 1762 877 1842 ogni
897 1761 1094 1840 generatione
1114 1757 1320 1841 victnvaglie,
1350 1779 1436 1818 asne

341 1851 372 1902 et
391 1842 505 1922 grande
528 1863 659 1902 numero
679 1841 718 1904 de
737 1842 901 1916 morenari,
927 1843 1114 1926 navigarono
1128 1861 1148 1900 a
1163 1841 1432 1924 Constantinopo-

281 1933 332 1990 258
342 1924 373 1987 li.
416 1925 460 1984 La
482 1927 592 1988 Grecis
611 1937 641 1986 et
662 1935 742 1986 tutte
762 1927 791 1985 le
809 1925 966 2006 provintie
986 1924 1085 1986 vicine
1105 1926 1306 2006 pianzevnno,
1328 1924 1433 1986 alconi

339 2007 496 2090 pensando
518 2008 575 2068 elie
598 2007 628 2068 la
648 2009 742 2070 citio
762 2018 849 2070 tanta
869 2008 1008 2089 potentia
1027 2018 1059 2068 et
1072 2018 1219 2090 apparato
1241 2007 1281 2068 de
1304 2007 1432 2069 barban·

338 2111 401 2150 non
424 2111 512 2170 possa
534 2093 693 2168 resistere,
728 2088 830 2152 alcuni
850 2091 922 2152 altri
936 2091 1060 2152 dioentl.
1079 2091 1159 2169 che,
1179 2111 1271 2152 corne
1292 2093 1324 2153 el
1344 2101 1432 2173 patre

339 2185 369 2236 et
389 2172 468 2236 l'ovo
491 2173 541 2240 del
563 2185 695 2258 tyranno
714 2174 854 2236 haveano
883 2183 1002 2235 tentato
1021 2173 1177 2256 prendere
1195 2173 1225 2235 la
1246 2173 1311 2234 cita
1332 2184 1366 2236 et
1380 2175 1432 2233 ha·
1502 2244 1503 2255 χ

339 2278 436 2319 veano
456 2256 584 2321 fatieato
608 2260 744 2336 invene,
773 2258 834 2318 cosi
854 2258 956 2318 eostni
975 2259 1128 2320 naminari
1148 2255 1249 2337 quella
1266 2257 1433 2319 medesims

338 2343 398 2402 via.
445 2339 571 2408 Passnto
598 2341 627 2400 el
650 2361 733 2402 mese
768 2341 809 2402 de
828 2341 968 2415 Ζειιατο,
1007 2340 1035 2400 al
1059 2343 1213 2423 principio
1231 2340 1272 2400 de
1291 2339 1432 2401 Februo

339 2423 494 2486 comendis
514 2424 570 2485 che
591 2423 621 2483 la
643 2424 759 2507 grande
779 2424 949 2485 bombarda
970 2445 1003 2485 se
1021 2426 1152 2485 inviasse
1171 2444 1261 2484 verso
1276 2424 1431 2486 Comes„

340 2504 495 2585 tinopoli‚
531 2510 623 2567 tirntn
658 2507 697 2568 da
719 2517 820 2567 trenta
840 2517 995 2585 carietto,
1021 2507 1068 2567 ale
1090 2505 1181 2589 quale
1201 2528 1300 2568 erano
1324 2507 1433 2569 conin-

340 2600 409 2669 gate
430 2596 532 2647 trente
553 2611 629 2669 para
652 2590 690 2649 de
712 2591 849 2670 possenti
871 2591 957 2651 bovi.
1011 2590 1151 2651 Docenlo
1171 2590 1323 2650 haomeni
1343 2612 1433 2672 expe-

340 2670 395 2737 diti
418 2690 473 2751 per
492 2670 593 2731 banda
615 2672 776 2735 andavano
795 2694 851 2753 per
866 2675 983 2733 aiutare
1004 2684 1036 2735 et
1056 2673 1170 2734 dirizar
1190 2674 1307 2755 quella.
1331 2674 1433 2732 Lma·

316 2746 319 2757 ¹
340 2752 468 2835 rangoni
493 2764 523 2813 et
541 2754 591 2813 CC
602 2754 737 2815 manuali
759 2755 919 2828 andavano
939 2756 1043 2817 avanti
1063 2753 1094 2815 la
1113 2755 1285 2817 bombiania
1306 2778 1367 2839 per
1387 2758 1434 2816 far

339 2836 428 2916 ponti
450 2836 488 2897 de
508 2835 645 2919 legname
666 2848 699 2899 et
721 2837 880 2919 gualezare
903 2839 933 2899 le
953 2837 1161 2921 inequalitade
1183 2839 1252 2901 dele
1269 2839 1329 2904 vie.
1374 2840 1432 2900 Fe·

340 2917 433 2981 braro
455 2929 486 2981 el
503 2922 609 2983 Marto
632 2920 804 3003 fatigarono
827 2921 865 2981 ad
881 2922 1037 2983 condnrre
1057 2922 1087 2983 la
1108 2922 1279 2983 bombarda
1301 2923 1344 2983 fin
1368 2924 1434 2983 ein-

340 3002 541 3147 mn
575 3002 1015 3149 lllliedlssllffiffl
1040 3006 1111 3149 lt,
1129 3005 1433 3150 lt50'²⁸lt⁰:.f3:d

339 3178 373 3227 to
397 3109 628 3237 Carizebleipcon
649 3170 768 3253 grande
785 3170 867 3232 stolo
889 3168 942 3234 alli
965 3170 1082 3233 castelli
1103 3132 1283 3249 dePorlto‚
1301 3173 1431 3233 Mesem-

338 3249 427 3325 bria,
451 3252 637 3329 Aebieloon,
674 3254 769 3315 Vison
792 3263 824 3314 et
844 3252 942 3315 l’altre
964 3253 1078 3315 tortere
1094 3253 1136 3314 de
1156 3266 1260 3316 saneto
1280 3256 1431 3329 stefano,

337 3332 396 3398 che
422 3335 528 3403 iaceuo
553 3357 645 3399 verso
674 3335 845 3413 Saliveria3
879 3338 907 3397 le
942 3338 1034 3419 quale
1051 3348 1130 3398 tutte
1151 3337 1361 3419 aequistando
1380 3358 1432 3419 per

337 3418 422 3479 forna
442 3418 480 3480 de
501 3418 631 3501 bataglia
650 3440 709 3481 con
727 3418 905 3483 crudeltade
926 3432 956 3481 et
974 3421 1073 3482 multa
1084 3419 1233 3486 effusione
1246 3420 1288 3481 de
1305 3442 1431 3503 sangne,

338 3502 382 3565 Le
404 3502 483 3563 altre
510 3504 564 3583 poi
596 3506 809 3566 zireurnstonte
830 3502 952 3563 castelle
972 3526 1005 3565 se
1026 3504 1153 3567 rendiro
1170 3502 1221 3565 ala
1241 3504 1433 3566 deseretione

338 3584 368 3643 di
394 3586 533 3646 barbari.
583 3586 711 3647 Portata
744 3586 775 3647 la
794 3586 910 3667 grande
931 3585 1103 3657 benhardo
1123 3586 1153 3647 al
1172 3586 1244 3651 loco
1263 3588 1432 3668 dqsotalo,

178 3696 187 3707 ,
279 3666 373 3745 259lo
392 3668 462 3729 data
482 3670 514 3727 in
539 3668 667 3750 guardia
689 3689 707 3731 a
730 3668 938 3735 Charnziabei.
988 3670 1051 3731 Tre
1069 3671 1229 3751 squatrorn
1252 3669 1295 3731 de
1315 3670 1432 3731 Tarda

339 3750 544 3823 demorarono
572 3759 655 3815 tutto
679 3748 784 3835 quello
818 3752 948 3824 inverno
968 3756 1104 3851 intorno·
1119 3780 1139 3814 a
1158 3752 1431 3834 Constantinopoli

337 3844 574 4000 ἓοὲἓῗὲἱῗξᾎῖ
594 3834 1431 4001 32121⁰nt¹2⁰rttttttaffitttttns

338 4020 380 4059 no
400 4001 440 4063 ds
462 4001 587 4075 Amasin
617 4013 649 4063 et
680 4002 719 4063 da
742 4001 765 4061 li
793 4003 906 4067 confini
938 4002 978 4063 de
997 4002 1239 4085 Pamplagonia,
1266 4001 1290 4062 li
1324 4000 1431 4063 Romei

338 4100 400 4225 scapo
421 4083 583 4230 pfodpevanto
606 4087 659 4231 llll
679 4084 918 4244 upiseirecplellgg²
927 4085 1037 4233 dull
1076 4088 1127 4145 Ma
1148 4085 1309 4231 dalbncsppe
1326 4100 1358 4145 et
1375 4106 1432 4227 φῖ

374 4184 398 4233 ,ιι
441 4188 480 4241 ns
541 4188 670 4251 egge
707 4190 759 4247 ne
838 4191 878 4233 tn
919 4190 995 4236 uro
1025 4189 1177 4245 ¹revortar
1293 4189 1430 4239 nm
