3075 4825
331 291 495 358 aranea
539 293 790 358 macarem
830 292 1019 359 racemo.
1136 263 1222 359 503

144 455 177 500 sa
198 439 279 504 acub
305 438 386 505 dalle
417 453 565 528 resposte.
615 443 655 506 El
685 455 818 528 tyranno
841 443 966 526 pubiicb
984 464 1096 527 guerra
1119 461 1225 513 contra

144 521 232 591 Chio.
280 525 468 607 Franoesco,
500 527 558 590 che
588 547 620 588 se
649 537 775 589 trovava
804 538 965 610 presente,
990 530 1021 589 fo
1043 530 1224 595 domandato

144 602 194 665 dal
215 606 338 689 duoba,
360 609 442 674 dove
461 631 538 672 sono
557 610 578 670 ti
601 609 641 688 4ο
658 609 742 671 milia
763 615 867 694 aspri,
890 633 909 672 o
930 613 1125 676 Francesco?
1154 637 1222 698 per·
1235 630 1287 683 328

143 686 200 748 che
218 693 311 773 quelli
333 692 433 755 dovea
454 694 509 754 dar
524 693 553 754 al
572 704 719 775 tyranno.
762 694 827 754 Non
850 695 1055 774 respondente
1075 696 1225 761 Franoes·

142 787 195 848 ω,
217 776 321 855 quello
343 775 442 838 disse:
464 799 519 854 va,
542 786 572 838 et
593 779 618 838 si
638 777 677 837 da
699 775 750 836 mb
771 777 801 836 in
822 777 927 837 avanti
948 776 1046 837 libero
1065 778 1113 838 dei
1137 780 1225 844 debi-

142 859 191 929 10,
213 859 324 936 perche
347 861 375 919 io
398 859 590 922 domandarb
613 857 638 920 el
660 859 755 941 duplo
781 859 834 920 alli
857 860 938 920 Chii.
980 861 1149 922 Francesco
1169 865 1226 927 ba-

138 934 182 994 aib
200 937 230 998 ia
250 962 322 1002 man
344 941 392 1002 dei
412 953 542 1026 tyranno
558 953 590 1005 et
605 953 751 1004 reaevettc
770 942 800 1002 la
822 943 917 1003 carita
936 941 1018 1004 della
1038 945 1225 1015 remissione.

141 1017 273 1084 Camusa
294 1025 326 1085 fo
348 1037 480 1088 cacciato
496 1028 534 1088 dn
549 1027 681 1106 Gaiipoii
695 1035 727 1086 et
746 1027 891 1086 mandato
911 1027 942 1086 in
961 1027 1133 1107 Pamphilio
1154 1031 1224 1091 dai.

140 1099 168 1160 la
189 1104 327 1168 Natalia.
379 1109 414 1170 ln
447 1122 553 1192 questo
582 1129 680 1184 anno,
709 1107 737 1168 el
760 1109 833 1189 qual
855 1109 885 1170 sn
907 1109 947 1169 ali
968 1109 1073 1193 6933,
1097 1112 1225 1176 morial

139 1183 240 1248 ducha
265 1190 304 1250 de
338 1187 454 1254 l’insola
474 1194 513 1254 de
534 1193 652 1270 Lesbo,
672 1192 792 1250 Dorion
814 1191 971 1254 Cataiuso.
1013 1193 1053 1253 Et
1074 1193 1103 1253 ai
1123 1197 1224 1274 primo

138 1265 178 1327 de
208 1272 348 1354 Augusto
380 1277 422 1335 1ni
452 1277 494 1336 firi
523 1275 667 1336 mandato
702 1271 753 1334 dai
774 1272 875 1336 ducha
906 1295 1032 1350 zovane,
1056 1275 1225 1340 Domanico

138 1348 301 1435 Cataluso,
324 1359 355 1417 in
376 1359 580 1441 Andrinopoii
600 1379 618 1418 a
642 1355 747 1418 darei
769 1355 885 1418 tributo
905 1368 1064 1436 consueto,
1087 1361 1144 1420 tria
1166 1363 1225 1422 mi·

135 1429 178 1493 lia
199 1443 383 1501 numismata
396 1464 453 1523 per
465 1442 581 1503 {insula
596 1441 635 1502 de
648 1441 760 1514 Lesbo,
778 1449 810 1500 et
821 1439 871 1501 doi
890 1440 972 1501 milia
992 1451 1128 1502 trecento
1148 1446 1225 1506 vinti

138 1515 188 1576 oin
213 1539 252 1583 ue
275 1544 332 1605 per
355 1525 472 1587 i’insola
492 1525 531 1586 de
557 1523 728 1586 Stalirnino.
781 1523 822 1584 Et
841 1525 912 1584 data
933 1523 962 1584 la
982 1525 1175 1587 obhedientia
1195 1529 1225 1589 ai

136 1539 237 1664 dudba
259 1605 451 1669 Mecbemetb
473 1608 607 1668 secundo
629 1607 659 1667 la
681 1627 810 1682 usanza,
833 1608 869 1669 e’l
888 1605 1005 1668 tributo
1030 1610 1060 1667 in
1083 1631 1151 1670 man
1175 1607 1225 1671 del

136 1685 277 1766 visiride,
298 1711 347 1750 me
365 1692 518 1751 domandb
537 1693 567 1752 el
589 1689 715 1751 viairide
735 1709 825 1750 corne
844 1701 930 1752 stava
948 1691 976 1750 ei
997 1691 1075 1751 duca
1098 1692 1137 1754 da
1158 1693 1285 1773 Mar-329

134 1765 242 1831 telino.
265 1772 295 1832 io
316 1777 429 1856 resposi
463 1775 520 1836 che
540 1783 627 1837 stava
648 1773 727 1833 bene
748 1784 779 1834 et
797 1771 933 1836 salutaro
954 1771 983 1833 la
1002 1795 1056 1834 sun
1076 1777 1223 1858 signoria.

135 1849 249 1925 Quelio
270 1855 372 1918 disse:
392 1859 423 1919 io
445 1857 599 1918 domando
622 1856 670 1918 dei
686 1855 786 1916 dncba
806 1857 944 1919 vecchio.
987 1855 1027 1916 Et
1050 1856 1081 1917 io
1101 1881 1119 1918 a
1136 1859 1225 1942 qnel-

133 1927 166 1989 lo
189 1927 270 1996 dixit
302 1959 378 2000 nono
407 1961 500 2000 ancor
518 1943 601 2000 corni
622 1940 680 2000 XL
712 1936 791 2000 ch’el
810 1938 912 2002 duclra
933 1939 1055 1999 vecchio
1076 1943 1170 2019 mori,
1193 1952 1225 2004 et

133 2033 213 2076 sono
236 2019 314 2081 bene
336 2022 409 2082 anni
429 2024 474 2084 sei
495 2025 552 2084 cbe
573 2021 765 2084 renuntiarat
786 2022 897 2083 ducato
917 2020 946 2083 al
967 2042 1023 2081 suo
1045 2022 1174 2106 figliolo,
1194 2024 1224 2086 el

131 2098 378 2250 diiiiai„{“2i
404 2104 796 2268 diai⁰id⁰hl⁰¹¹hu2iii
814 2104 1223 2252 th‘tttttssttttffi

133 2261 161 2322 le
180 2285 250 2328 cose
284 2211 433 2351 prosata.g
455 2273 523 2334 Non
537 2211 575 2332 {a
588 2273 627 2332 da
647 2291 725 2332 esser
746 2271 899 2332 chiamato
922 2269 1022 2332 ducba
1042 2267 1081 2330 de
1101 2271 1219 2351 Lesbo,

132 2365 163 2405 se
183 2367 247 2410 non
267 2373 366 2417 venne
383 2355 423 2417 ad
444 2365 492 2419 tor
508 2353 537 2417 el
555 2353 689 2417 duchato
710 2352 761 2417 dal
779 2354 879 2417 ducha
900 2353 1058 2416 altissimo.
1102 2354 1221 2417 Vatene

135 2429 296 2516 adunque,
323 2446 355 2499 et
383 2442 467 2501 vieni
498 2462 557 2501 oon
586 2438 699 2521 quello.
753 2437 797 2499 Et
813 2460 846 2499 se
865 2439 931 2499 sera
951 2437 1154 2514 altramente,
1175 2438 1220 2501 lui

131 2517 242 2580 sentiat
276 2522 349 2601 quel
381 2522 438 2584 ohe
471 2522 495 2583 li
517 2524 648 2604 acquirit.
701 2518 743 2583 Et
760 2532 883 2583 tornato
905 2544 923 2581 a
945 2520 1089 2599 Mitiiino,
1112 2519 1140 2580 ei
1162 2520 1220 2583 du·

130 2594 187 2659 cha
222 2622 281 2663 con
317 2604 417 2666 alcuni
445 2605 581 2685 generosi
610 2606 719 2666 Romei
752 2615 783 2665 et
811 2604 933 2678 Latini,
957 2614 987 2663 et
1006 2604 1037 2665 io
1061 2622 1117 2664 con
1149 2605 1219 2667 loro

130 2678 160 2739 in
191 2691 392 2767 compagnia,
428 2691 486 2749 aila
511 2708 656 2769 speranza
684 2688 723 2748 de
750 2689 802 2748 dio
830 2687 1006 2769 passassimo
1034 2689 1065 2746 in
1086 2687 1218 2749 Cbiero.

131 2766 224 2846 niso,
243 2780 276 2829 et
294 2768 366 2831 dciii
390 2773 561 2833 andassimo
591 2772 622 2830 in
645 2770 863 2852 Andrinopoli.
916 2770 954 2831 El
972 2770 1072 2829 ducba
1093 2768 1125 2829 in
1146 2771 1217 2853 quel

128 2854 230 2932 tempo
253 2854 374 2914 andava
393 2856 522 2916 fozendo
549 2855 587 2915 dc
609 2852 677 2915 ioco
696 2858 727 2914 in
752 2850 825 2915 loco
846 2874 902 2936 per
921 2853 951 2914 la
970 2862 1056 2934 peste
1076 2850 1105 2912 ta
1126 2853 1216 2936 quale
1263 2874 1269 2887 ·

129 2942 179 2991 e'ra
199 2934 341 3015 generale
362 2958 415 3018 per
435 2948 516 2999 tutta
537 2939 657 2998 Tracia.
700 2938 743 2998 Et
765 2940 818 2997 noi
844 2936 1024 3019 aequitando
1046 2954 1103 3017 per
1122 2936 1274 2998 mottetto

127 3020 264 3080 terreat
285 3020 368 3101 paesi
390 3020 524 3096 diversi,
544 3020 720 3082 finalmente
740 3020 926 3083 aonzessimo
948 3022 979 3078 in
1003 3039 1064 3078 nnn
1086 3018 1214 3083 rilindi

129 3095 251 3179 Brigari
280 3102 429 3165 chiamata
450 3102 600 3176 Hisiatin‚
641 3103 721 3165 dove
743 3124 798 3164 ern
816 3104 843 3165 el
866 3115 996 3183 tyranno
1017 3100 1065 3161 col
1087 3120 1142 3163 sno
1162 3124 1214 3163 cx·

128 3183 231 3247 eroito.
284 3187 325 3248 Et
356 3186 525 3267 presentati
555 3186 608 3247 noi
638 3187 727 3247 molti
761 3186 834 3247 doni
856 3188 895 3245 aii
917 3184 1057 3267 messagii
1078 3186 1216 3248 Maumet

128 3262 217 3328 Baxia
243 3278 276 3329 et
297 3270 452 3330 Achomet
471 3270 570 3344 Baria,
592 3267 622 3330 el
642 3268 743 3329 ducha
765 3267 962 3331 deMetelino
980 3268 1069 3329 barib
1092 3270 1120 3328 la
1141 3289 1214 3329 man

127 3346 174 3409 dcl
195 3360 330 3433 tyranno
351 3363 383 3415 et
404 3352 561 3413 uscifora.
584 3350 678 3435 pochi
698 3353 781 3412 zorni
796 3351 886 3434 dapoi
907 3372 1006 3413 venne
1028 3349 1129 3411 alcuni
1151 3372 1214 3411 ser·

128 3431 156 3489 vi
182 3434 231 3493 del
259 3438 377 3517 signor,
402 3435 423 3497 li
452 3435 536 3518 quali
558 3436 717 3497 notificaro
746 3436 776 3495 ai
794 3436 895 3495 ducha
916 3434 992 3497 cb'ei
1014 3456 1092 3517 gran
1110 3436 1215 3514 signor

130 3512 200 3575 vote
222 3517 251 3577 ia
280 3520 378 3580 insuia
410 3519 449 3579 de
471 3520 616 3581 Metelinn
643 3516 779 3602 perlui,
802 3517 910 3579 etcbe
940 3517 983 3578 lui
1004 3518 1094 3599 galila
1124 3516 1215 3579 debia

125 3594 235 3658 donar.
286 3602 323 3663 ΕΙ
354 3601 453 3663 ducha
469 3601 523 3679 ,de
544 3602 642 3662 Lesbo
663 3623 723 3663 non
745 3600 898 3684 possando
917 3601 1112 3673 contradire‚
1135 3598 1212 3681 gali·

125 3676 153 3737 la
173 3680 270 3742 donh.
312 3686 402 3767 Depo
425 3696 534 3767 questo
559 3706 657 3746 venne
673 3687 753 3747 altro
775 3685 1050 3763 comandamento,
1075 3682 1132 3743 che
1153 3703 1212 3743 ro·

126 3760 185 3824 lira
218 3768 382 3849 adoppiare
414 3766 435 3829 li
454 3768 574 3829 tributi.
633 3770 679 3829 Lu
701 3766 802 3829 ducha
824 3766 1036 3847 agrevandose
1059 3766 1136 3825 disse
1154 3764 1212 3825 che

125 3854 204 3907 tutta
239 3851 338 3912 Lesbo
372 3852 469 3911 hana
501 3854 583 3912 etin
615 3870 668 3911 sua
692 3853 810 3933 potasti
840 3851 879 3911 de
899 3852 946 3910 far
966 3868 1052 3908 come
1073 3848 1094 3907 ii
1115 3847 1211 3928 piace·

125 3930 174 3989 Ma
196 3936 267 4013 quei
298 3934 355 3996 che
376 3934 546 4009 domanda,
579 3935 670 4016 epiir
692 3934 731 3995 de
753 3932 856 4015 quello
876 3932 932 3993 che
954 3931 982 3990 la
1002 3952 1058 3990 sun
1078 3928 1212 4012 possibi-

126 4007 177 4075 litb
208 4021 308 4099 potria
342 4016 457 4078 daras
481 4018 522 4079 Et
543 4039 636 4099 pirgo
660 4018 733 4095 voi,
758 4016 872 4099 signori
892 4018 970 4081 naci,
992 4013 1118 4075 chame
1140 4013 1210 4073 date

126 4094 221 4159 aium.
266 4101 385 4161 Alhorn
413 4101 580 4182 imessagii
610 4101 713 4160 hanno
735 4110 861 4183 pregato
881 4096 908 4157 ei
931 4107 1083 4178 tyranne,
1104 4104 1135 4159 et
1156 4096 1209 4157 soli

126 4192 235 4245 aronio
268 4186 352 4247 mille
385 4184 565 4246 numismata
599 4184 637 4246 de
671 4184 741 4267 piri,
772 4184 828 4245 cbe
859 4202 935 4241 sono
955 4180 1104 4244 ducatiX
1124 4181 1208 4243 milia
