3075 4825
468 119 525 183 sn
555 120 644 185 css.
672 121 783 183 xxxi.
811 118 960 184 noras.
1163 95 1244 183 60'1

166 278 246 338 dict.
265 274 329 349 ΙΙΙ,
349 274 428 335 feria
449 274 546 355 α’τῆς
563 268 765 358 τυροφάγουε
792 275 849 336 snit
869 274 950 335 anim
963 271 1025 335 hoc
1040 274 1250 339 amram·

168 359 280 420 Martii
300 358 348 419 die
369 379 430 441 ap,
452 358 539 455 cyclo
559 358 666 419 Lanae
689 356 746 433 16,
765 356 845 420 Solis
866 379 926 435 ar,
948 356 1059 418 litteris
1080 360 1104 419 C
1123 360 1171 439 B,
1192 382 1251 423 cn-

166 443 210 503 dc
233 440 395 503 Dominiea
421 459 477 501 roc
499 434 625 503 ἀσώτου
654 461 710 502 seu
729 441 973 525 septuagesimae
1007 442 1161 504 concurrit
1179 464 1251 506 eum

164 525 307 587 Ianuarii
327 524 378 584 die
397 523 457 601 ad,
478 534 510 583 et
527 524 690 585 Dominiea
709 522 765 604 τῆς
785 520 930 607 ἅποκρὲω
950 544 1021 585 oum
1043 524 1078 584 51
1106 524 1248 600 Ianuarii,

166 610 216 669 ita
236 618 273 669 nt
291 606 456 668 Februarii
470 606 534 669 dies
553 608 655 689 prima
678 606 770 667 fuerit
788 608 868 669 feria
889 605 1021 668 secunda
1041 606 1096 685 τῆς
1108 603 1252 691 rvpopri.

164 708 226 769 you
249 689 453 772 septimanae,
475 710 537 774 qna
551 692 662 753 Graeci
679 691 773 753 caseis
796 691 834 753 ad
856 688 1050 752 Dominicam
1070 703 1252 773 sequentem

163 774 249 836 vesci
268 783 402 853 possunt.
993 798 998 807 ·

254 856 291 921 Ρ.
314 856 385 931 215,
409 855 456 922 15.
506 848 524 916 d
552 850 762 934 didiceritis
790 856 906 935 πέμπει
931 852 1077 935 πρέσβεις
1097 850 1176 933 πρὸς
1197 852 1252 920 sis

165 930 310 1021 Mmpris]
351 938 506 1000 Phranaes
532 940 585 1001 lib.
607 960 638 1001 a.
661 961 727 1021 cap.
753 940 790 1001 13
818 948 908 1001 notat
923 938 1058 1001 Amira'm
1078 940 1250 1017 Moralem,

166 1021 209 1081 ad
232 1040 333 1165 ,quem
353 1021 549 1085 Andronicus
580 1023 685 1107 lagrns
713 1043 767 1084 seu
789 1024 885 1104 lagris
904 1024 1012 1083 missus
1033 1031 1098 1100 est,
1119 1022 1252 1085 voluisse

166 1103 209 1163 ab
229 1105 282 1166 sla
303 1104 496 1186 profectione
524 1108 742 1189 imperatorem
762 1117 913 1167 avertere.
936 1104 988 1165 alii
1009 1104 1116 1167 dicunt
1136 1106 1250 1167 lohan-

167 1208 241 1249 nem
261 1190 480 1269 imperatorem
507 1190 546 1251 ad
567 1194 719 1252 Moratem
750 1188 867 1251 misisse
886 1187 1019 1251 Paulum
1040 1189 1190 1264 Asanam,
1215 1198 1251 1251 ut

167 1270 209 1331 de
229 1270 419 1351 proiectione
438 1294 492 1333 sua
520 1294 590 1335 eum
611 1276 778 1335 certiorem
797 1273 922 1335 laceret.
964 1272 1115 1333 Moratem
1139 1274 1252 1334 duces·

166 1374 238 1413 sum
259 1354 454 1435 imperatoris
474 1354 506 1415 in
525 1354 647 1417 ltaliam
668 1356 851 1432 dissuasisse,
870 1356 1004 1418 veritum
1023 1356 1164 1441 nequod
1184 1355 1252 1417 ioc-

165 1435 313 1497 duacum
340 1438 456 1500 Latinis
485 1452 597 1503 eontra
609 1440 726 1501 Tumm
749 1438 877 1501 iniret-r
897 1440 1022 1500 Veziros
1039 1436 1133 1499 etiam
1154 1437 1251 1499 Asani

165 1517 275 1615 dixisse
284 1519 423 1665 t:pudpnt
441 1522 558 1585 Saltani
579 1524 745 1585 amicitiam
775 1544 869 1607 quam
889 1522 1076 1583 Latinorum
1098 1520 1252 1583 utiliorem
1291 1530 1293 1537 “

164 1622 209 1661 tm
232 1624 284 1665 era
319 1625 344 1665 n
371 1624 435 1665 ore.

208 1624 231 1687 p
251 1685 293 1749 P.
315 1685 386 1765 216,
407 1708 436 1770 7.
476 1678 699 1767 ὅἩρακλειάς
711 1681 890 1767 Ἀντώνιος]
932 1684 990 1747 llic
1006 1686 1164 1749 Antonius
1184 1686 1249 1748 Ha·

164 1767 329 1831 raclecnsis
356 1779 453 1831 metro
495 1768 571 1848 lita,
597 1780 760 1854 postquam
790 1766 913 1863 Cpolim
933 1769 1044 1829 Graeci
1078 1772 1192 1831 reversi
1210 1768 1251 1831 dc

166 1850 306 1931 eligendo
320 1851 421 1933 patria
480 1874 498 1913 a
551 1862 670 1928 eruut,
693 1854 741 1915 vcl
760 1854 875 1913 invitus
889 1851 1033 1914 electioni
1055 1852 1166 1929 adfuit,
1187 1873 1248 1913 non

166 1942 205 1995 ut
225 1934 402 2016 suffragium
421 1935 515 1997 ferret
546 1936 668 2019 negavit
691 1938 771 1997 enim
797 1934 829 1997 id
849 1932 993 2012 laturum)
1017 1934 1070 1996 sed
1090 1943 1125 1996 ut
1145 1956 1251 1996 eoram
1260 1948 1292 2005 v.
1306 1964 1352 2022 :qn

168 2017 315 2078 universo
334 2016 417 2080 clero
435 2028 604 2101 peccatum,
626 2019 708 2103 quod
721 2018 886 2081 admiserat
905 2018 1123 2081 subscribendo
1144 2016 1252 2079 deero-

165 2108 200 2160 to
212 2099 410 2181 Florentino,
428 2102 625 2164 eonfiteretur
646 2124 682 2165 ac
701 2114 916 2180 execraretur,
938 2122 1031 2185 seque
1054 2100 1180 2185 dignum
1200 2100 1252 2163 cci

164 2204 293 2278 manus,
316 2204 378 2265 qiu
396 2182 636 2267 subscripserat,
657 2184 939 2267 praescinderem,
960 2183 1143 2267 quibusdam
1164 2183 1252 2245 famia·
1325 2268 1329 2274 Ι

163 2266 282 2328 liariter
299 2286 402 2329 mum
422 2268 615 2330 versantibus
636 2290 670 2331 se
692 2269 789 2330 famus
811 2278 866 2333 est.
1092 2332 1096 2341 ,

250 2348 291 2411 Ρ.
314 2348 386 2424 216,
414 2350 461 2414 13.
501 2350 582 2424 τινὲς
611 2350 674 2414 τῶν
703 2346 880 2431 ἀρχιερέων
909 2346 943 2411 ἐν
972 2348 1017 2434 rqi
1037 2342 1251 2432 dnoypcipssv]

165 2431 230 2509 Qui
257 2453 293 2494 ex
322 2429 409 2496 clero
440 2433 599 2518 Cpolitano
633 2435 763 2498 concilio
785 2433 965 2496 Florentino
989 2433 1175 2508 adsuerunt,
1194 2429 1251 2492 ne.
1288 2493 1292 2502 ,

165 2525 264 2594 gant,
291 2516 414 2596 quando
432 2517 557 2580 decreto
577 2519 787 2602 subsignatum
810 2528 873 2596 est,
902 2520 1034 2580 Graecos
1053 2513 1249 2595 σιτηρέσιον,

167 2597 199 2658 id
216 2608 263 2658 est
289 2589 422 2661 cibaris'
434 2612 464 2662 et
494 2604 652 2682 pecunias,
675 2602 810 2684 petiisse,
832 2612 886 2662 aut
904 2601 1029 2662 Latinos
1050 2598 1251 2682 promisisse3

164 2681 251 2762 quod
272 2681 398 2744 Graecis
416 2694 518 2746 tamen
536 2686 569 2746 in
590 2687 722 2768 patriam
745 2685 875 2748 reversis
897 2684 1055 2746 obiectum
1075 2691 1135 2757 est,
1158 2681 1252 2762 ipsos·

164 2785 226 2844 que
244 2785 324 2861 apro
352 2765 497 2849 suffragia
526 2789 582 2829 saa
601 2767 784 2830 vendidisse.
821 2766 915 2829 iidem
937 2768 1072 2828 fatentur
1092 2765 1252 2860 pecuniam

165 2867 323 2992 ttttssti
336 2845 1252 3004 tll‘ldlltsttsszd'ltulffllldllltz

165 3011 321 3076 Phranses
340 3013 397 3075 lib.
418 3035 437 3075 a
461 3035 532 3096 cap.
561 3015 597 3076 13
617 3027 647 3077 et
665 3037 752 3099 seqq.
773 3037 869 3099 usque
890 3015 928 3078 ad
954 3037 999 3098 ¹7·

224 3097 289 3192 ιζ’.
310 3117 380 3180 217,
409 3117 434 3160 ι.
459 3099 533 3194 Cpp.
552 3097 602 3160 32.
653 3097 719 3160 Hoc
750 3103 849 3180 eapite
868 3099 971 3160 Duces
991 3099 1024 3158 in
1045 3094 1137 3160 rebus
1160 3095 1250 3196 Hun-

166 3199 406 3345 {pptqtarpqpppn
422 3192 622 3345 gueltanHdtasten
632 3180 1252 3327 piidlirdeduslclrilsit.liiipddielrlruilegarlg

166 3344 265 3406 habet.
322 3347 471 3408 Albertus
498 3347 678 3408 Austrincus
707 3347 895 3428 sigismundi
916 3369 1032 3430 gener,
1053 3366 1123 3406 cum
1143 3364 1252 3406 socero

165 3427 316 3526 disum?
328 3431 517 3492 successisset
536 3433 569 3490 in
595 3430 771 3526 Hungariae
789 3451 895 3576 repnte,
916 3429 1042 3526 hiennio
1059 3428 1124 3489 fere
1141 3448 1252 3509 regna-

164 3521 236 3675 ill}
254 3511 794 3677 illlis?{luditilla
819 3509 1252 3676 llifisiliiiili‘il]

164 3615 340 3737 Ladislmm
361 3677 561 3758 posthumum
577 3679 704 3760 peperit.
725 3680 848 3762 nuptias
866 3699 990 3762 quoqne
1014 3674 1145 3738 Ladialai
1157 3673 1251 3738 Polo·

164 3760 219 3832 ni,
238 3759 318 3840 regis
337 3759 488 3821 Poloniac
507 3761 663 3823 Casimiris
684 3762 807 3836 fratris,
838 3773 1021 3846 aspernata,
1041 3779 1121 3820 anno
1141 3758 1250 3821 eodem
1382 3761 1389 3778 ⁸

164 3843 297 3904 infesto
320 3842 512 3904 Pentecostes
532 3843 629 3905 filium
643 3867 733 3906 suum
752 3845 937 3906 infantulum
952 3843 1125 3924 Hungnriae
1145 3861 1250 3924 regem

166 3925 307 3986 coronari
336 3935 432 3986 curat.
459 3926 592 3988 seditiosi
621 3931 735 3988 interea
761 3928 882 4011 aliquot
907 3927 1083 4010 Hungcriae
1109 3945 1249 4009 proceres

167 4008 336 4072 Ladislaum
358 4007 514 4070 Polonum
533 4032 635 4094 regem
657 4011 773 4094 eligunt
796 4023 825 4073 et
844 4011 875 4071 i'n
899 4009 1086 4094 Huugsriam
1106 4017 1247 4075 evocant.
