3075 4825
346 350 432 452 354
705 370 847 435 nucia
872 370 1068 437 nisinun

344 553 380 594 ca
401 531 422 591 li
447 539 524 592 stese
551 524 711 606 alpiano,
742 525 818 587 cho’l
837 526 963 607 podesse
988 526 1102 589 baxare
1121 526 1246 589 secondo
1265 527 1291 589 la
1309 546 1398 589 ussnss

343 614 395 676 del
415 634 471 675 suo
500 612 639 691 imperio.
690 607 783 669 Milos
815 609 1013 691 raaguardato
1047 609 1192 693 alquanto
1223 609 1250 671 el
1270 608 1341 671 volto
1359 609 1395 668 dal

343 709 464 781 tyrano,
487 714 590 755 acono
603 691 642 753 de
656 692 714 768 ira,
734 691 807 752 odio
827 703 857 751 at
869 692 994 775 sdegno,
1015 714 1074 754 con
1093 694 1208 779 grande
1226 697 1326 775 impeto
1342 712 1398 773 pre-

344 802 378 842 sa
399 782 430 841 lu
452 778 524 839 alui
540 787 640 837 exteso
660 774 759 856 peda,
778 786 809 836 et
821 796 878 835 con
898 774 992 837 molta
1016 776 1099 838 saraa
1119 777 1221 860 quello
1236 774 1346 837 tirando
1361 772 1397 835 ool

344 885 422 945 napo
444 863 475 922 in
504 872 590 921 tarra
619 858 648 919 al
669 858 734 920 soce
762 860 955 919 traboccare.
997 859 1040 921 Et
1058 861 1276 923 subbitamente
1293 856 1397 920 snudato

343 967 407 1007 uno
422 946 484 1007 ben
510 943 624 1003 forbito
652 952 684 1001 at
704 951 795 1002 acuto
820 940 968 1023 pugnale‚
1007 942 1064 1004 che
1083 965 1101 1005 a
1119 954 1225 1027 questo
1243 943 1299 1005 line
1317 958 1399 1002 assoso
1488 944 1489 965 ¹

343 1041 495 1111 portava,
526 1028 584 1086 ieri
605 1025 753 1085 Amarato
790 1024 822 1085 in
847 1046 929 1086 mezo
949 1024 978 1087 al
997 1036 1108 1108 pacto,
1128 1023 1342 1109 trapassandolo
1357 1042 1398 1104 per

344 1134 429 1173 mezo
449 1110 476 1171 al
499 1130 583 1183 core,
598 1129 654 1189 per
666 1107 697 1168 la
707 1109 781 1190 qual
794 1108 881 1169 serito
900 1108 929 1169 el
948 1108 1080 1171 barbaro
1099 1110 1232 1193 dapoiin
1245 1108 1329 1170 breve
1345 1126 1398 1187 spu·

344 1197 388 1256 tio
404 1195 458 1255 fini
479 1191 508 1253 la
531 1212 586 1253 sua
612 1193 687 1253 vitu.
728 1188 768 1251 El
790 1191 928 1253 valomso
954 1192 1129 1255 Christiano
1151 1192 1297 1255 habiando
1315 1190 1398 1251 elsua

343 1290 417 1339 voto
449 1278 584 1356 compito
618 1286 648 1335 et
677 1273 718 1335 de
753 1283 841 1335 tanto
871 1276 994 1336 inimico
1016 1279 1166 1359 aquistata
1187 1276 1215 1337 la
1234 1274 1347 1357 gloriosa
1363 1268 1399 1329 vi·

343 1362 458 1435 ctoria,
487 1369 538 1421 tra
566 1356 596 1417 la
626 1356 757 1418 attonita
779 1368 810 1419 et
837 1359 1020 1440 perturbata
1041 1372 1144 1423 turma
1166 1359 1198 1421 di
1217 1358 1318 1440 satrapi
1336 1352 1399 1417 otdi

344 1444 466 1506 satelliti
496 1444 536 1501 da
567 1442 717 1502 Amarato
745 1462 778 1501 se
798 1441 933 1523 ficoava,
961 1464 999 1504 or
1020 1454 1129 1525 questo
1150 1464 1187 1505 or
1208 1440 1302 1526 quello
1315 1456 1399 1521 putco-

343 1528 457 1600 tando,
479 1526 519 1585 lin
547 1524 604 1586 aba
622 1544 779 1605 perventae
807 1522 838 1584 al
857 1546 913 1587 suo
932 1526 1070 1604 cavallo,
1095 1537 1130 1589 et
1149 1527 1280 1588 tiaaando
1298 1522 1322 1584 el
1340 1518 1399 1601 pede

343 1612 375 1669 in
398 1611 427 1670 la
461 1609 582 1669 sinistra
601 1606 705 1683 stalla,
736 1609 834 1690 prima
855 1608 912 1670 cha
933 1609 963 1670 iu
981 1609 1054 1671 sella
1078 1611 1203 1693 podasse
1220 1608 1319 1677 salira,
1336 1602 1399 1663 dalla

302 1706 335 1762 ιε
343 1702 463 1753 armata
478 1692 635 1751 Zanizasia
649 1690 829 1751 circundata
847 1692 876 1753 el
894 1690 1030 1773 glorioso
1048 1694 1181 1757 novalias·
1199 1692 1238 1755 de
1257 1688 1359 1752 Christo
1370 1684 1399 1745 de

342 1773 557 1836 innumerabili
577 1774 667 1833 fei-ite
697 1772 737 1833 da
758 1772 860 1855 quella
882 1764 993 1837 canina
1013 1776 1210 1839 mollitudine
1229 1776 1259 1835 fo
1279 1766 1398 1833 mortui

341 1857 439 1919 Tusci
460 1866 636 1917 veramente
662 1855 713 1917 dal
732 1857 856 1918 subbito
879 1869 910 1918 et
940 1860 1098 1941 inopinato
1122 1882 1192 1923 caso
1213 1854 1305 1919 molto
1321 1852 1398 1934 sbign-

341 1943 415 2019 titi,
449 1952 480 2001 et
504 1940 715 2000 incontinente
745 1940 798 2021 poi
816 1934 1003 2024 reassumpto
1024 1942 1168 2018 faniano,
1188 1944 1400 2005 brevemenuu

342 2023 579 2106 oonsigliaron03
607 2033 638 2081 at
660 2020 740 2083 dalle
758 2044 830 2084 cose
862 2024 988 2087 adverse
1008 2036 1039 2087 et
1060 2028 1238 2109 perturbate
1256 2014 1401 2107 prendendo

340 2128 484 2189 spranaa
500 2106 538 2167 de
556 2104 668 2185 salute,
684 2108 899 2169 eominzaiono
917 2110 1064 2171 munim
1075 2107 1098 2169 li
1114 2111 1250 2173 raoevnti
1262 2105 1351 2167 dauni
1369 2099 1400 2159 Et

342 2192 374 2250 in
394 2209 479 2251 mozo
501 2189 530 2251 al
549 2210 658 2271 campo
680 2190 875 2252 adornamno
893 2212 937 2253 nn
967 2193 1172 2256 tabemaculo
1194 2214 1251 2255 oon
1271 2210 1326 2250 uno
1341 2186 1401 2247 tecto

341 2273 381 2334 da
414 2272 511 2334 ricchi
544 2274 638 2355 panni
666 2272 776 2349 d’or03
811 2295 904 2356 sopra
931 2272 961 2335 el
988 2276 1061 2359 qual
1093 2298 1210 2359 poseno
1230 2273 1259 2337 el
1279 2264 1401 2353 ροιρῠᾶῑ

340 2356 530 2420 Amarathas.
572 2355 586 2415 1
610 2355 719 2437 grandi
749 2357 875 2439 paricoli
896 2379 974 2441 ροσε
997 2362 1114 2422 iactura
1135 2356 1326 2434 estimando,

340 2439 394 2499 dio
422 2439 450 2499 al
471 2458 565 2521 aeguo
592 2438 659 2498 dela
681 2437 837 2521 bataglia:
869 2463 925 2503 oon
956 2437 1072 2506 oiribili
1096 2443 1289 2507 instrumenti
1359 2434 1399 2495 iu':

342 2523 504 2582 intraruno
526 2539 614 2580 aomo
632 2524 700 2582 cani
716 2524 832 2585 rabiosi
853 2525 883 2584 in
905 2523 1048 2608 bataglia.
1079 2527 1122 2589 El
1136 2515 1400 2611 diqotolaurotl

340 2601 413 2686 qual
438 2605 498 2662 mai
515 2606 674 2682 perstanti
698 2604 798 2666 havea
813 2609 996 2671 conbustuto
1011 2631 1068 2672 oon
1083 2624 1193 2693 queste
1205 2611 1274 2672 fiere
1286 2603 1399 2668 mihin,

341 2687 381 2746 nl
395 2685 494 2747 anche
506 2687 604 2746 inteso
617 2686 686 2747 dala
705 2699 809 2750 morte
825 2690 1039 2755 deamoraiho
1056 2703 1088 2754 st
1108 2695 1223 2778 l'opera
1246 2681 1403 2775 glastonie

341 2769 452 2842 Nilos,
475 2766 810 2868 suonaxaellentissimo
836 2775 1005 2853 novalicio,
1028 2798 1090 2838 non
1112 2801 1202 2840 senza
1223 2771 1403 2837 formidineet

339 2850 1404 3022 tt'lttttlttiltdttltltsss‘ffltttt”tullii

341 3019 470 3098 genico,
491 3039 578 3078 come
598 3018 728 3080 havemo
747 3024 902 3104 predicto,
925 3027 965 3087 da
988 3029 1023 3087 ra
1041 3027 1080 3088 da
1092 3029 1205 3091 Bosina
1223 3020 1360 3108 capitonis
1374 3013 1403 3073 de

340 3101 402 3160 XX
412 3103 494 3161 milia
513 3103 707 3181 nombatenti,
726 3108 824 3186 primo
836 3107 961 3170 inti-assa
979 3114 1010 3170 in
1025 3111 1183 3194 battaglia.
1206 3109 1245 3171 Et
1266 3103 1347 3190 quala
1365 3117 1404 3156 vt·

342 3181 544 3244 lorosamante
566 3197 596 3246 at
615 3207 672 3247 eon
697 3190 813 3270 grande
833 3193 950 3274 impetn
963 3194 1043 3254 intro
1061 3195 1152 3255 conia
1170 3216 1225 3256 sua
1240 3181 1402 3271 compugnat

342 3275 374 3326 et
396 3287 464 3326 rum
487 3289 504 3327 e
525 3269 598 3328 tutti
621 3268 757 3350 iTurci,
778 3272 836 3334 cha
856 3273 878 3333 li
900 3275 931 3335 so
950 3297 967 3336 a
988 3275 1160 3338 l’incontra.
1183 3273 1343 3358 etgiiando
1361 3282 1403 3346 per
1486 3343 1487 3352 ρ

342 3289 496 3445 intur-lii
523 3351 656 3411 soconda
682 3354 767 3416 volta
797 3358 928 3418 mondo
957 3358 1091 3422 l'ordene
1111 3357 1180 3422 dela
1199 3359 1320 3433 militia,
1338 3347 1402 3411 alam

341 3430 374 3490 fo
394 3429 488 3493 aldita
516 3453 579 3492 una
607 3455 684 3496 voca
703 3435 733 3497 la
753 3440 844 3520 quale
874 3442 1031 3508 nertutto'l
1051 3465 1162 3526 campo
1183 3465 1216 3506 se
1235 3459 1346 3524 sparse,
1361 3429 1403 3492 che

340 3513 548 3598 Dragmssavo
569 3515 745 3595 Probisaio‚
768 3525 926 3604 capitaneo
948 3525 998 3586 del
1018 3547 1126 3609 campo
1143 3525 1194 3588 det
1214 3526 1344 3607 disputo,
1362 3514 1402 3572 δ’·

340 3617 397 3657 vsa
419 3597 566 3659 rebellato
595 3609 626 3660 et
646 3600 762 3665 voltato
794 3604 822 3665 la
842 3627 927 3668 arma
947 3619 1055 3669 contra
1075 3609 1254 3671 Christiani.
1292 3607 1333 3664 La
1349 3589 1402 3680 qutl

339 3698 418 3740 voce
437 3681 547 3755 aidila,
579 3681 703 3745 Vlnlioo
727 3687 894 3768 Vlagenico
924 3691 1025 3752 subito
1048 3692 1134 3753 voltis
1158 3693 1189 3753 lo
1209 3687 1302 3774 spallo
1318 3695 1343 3745 et
1359 3695 1401 3738 0⁰³

341 3763 457 3843 grande
477 3764 550 3846 fuga
570 3785 603 3824 se
625 3766 775 3847 deonanti,
808 3772 968 3834 tomando
989 3795 1077 3836 verso
1097 3777 1225 3837 Bossina
1246 3793 1300 3834 con
1320 3766 1345 3828 la
1362 3777 1403 3823 sut

341 3847 531 3942 campagnia.
587 3848 617 3907 Ο
648 3848 706 3909 clia
735 3850 763 3911 la
785 3853 907 3917 novella
938 3859 1017 3918 fossa
1042 3856 1142 3919 levata
1174 3858 1213 3919 da
1235 3855 1342 3930 Toni,
1360 3846 1404 3904 ΒΟ·

342 3929 417 3988 mini
451 3931 653 4012 sagacissimi,
680 3953 734 4014 per
762 3936 930 4018 impavrire
958 3939 987 4001 el
1018 3953 1123 4002 nostro
1156 3945 1303 4020 exernto3
1326 3926 1404 3992 othl

343 4009 406 4069 cosi
425 4012 540 4074 volasse
559 4017 571 4072 i
589 4015 643 4074 fati
664 4021 809 4078 contrarii
824 4021 864 4081 ali
887 4023 993 4104 poveri
1008 4025 1174 4086 Christiani
1192 4045 1248 4107 pei·
1268 4025 1276 4081 i
1293 4017 1332 4080 soi
1349 4029 1403 4092 pet·

345 4091 414 4155 cati.
456 4093 573 4156 Lazaro
594 4097 809 4162 ubliandonato
831 4103 869 4164 da
894 4107 939 4167 soi
961 4107 1116 4189 capitanii,
1141 4128 1230 4168 senza
1250 4095 1366 4180 batsglia
1380 4088 1403 4148 so

345 4191 435 4269 proso
454 4181 526 4237 vivo
558 4201 615 4239 con
644 4186 716 4242 tutti
734 4187 746 4243 i
774 4185 868 4248 nobili
889 4189 939 4250 del
960 4212 1016 4251 suo
1036 4193 1184 4273 imperio,
1207 4203 1237 4250 et
1258 4169 1403 4247 mensiofll

344 4253 496 4338 paviglion
525 4257 565 4320 ‹ie
591 4261 749 4330 Amomto.
797 4269 840 4330 Et
872 4271 952 4335 visto
978 4272 1007 4334 al
1038 4285 1168 4358 tyrano,
1207 4263 1342 4353 alquale
1357 4273 1402 4319 0⁰³
