3075 4825
361 311 447 417 432
718 340 857 406 noces
896 340 1090 407 msaonm

362 494 456 557 tendo
477 512 539 555 coo
556 492 658 555 Moses
672 513 729 555 suo
751 491 869 555 fratello
889 492 982 574 petel
1002 492 1183 577 principato·
1222 490 1322 567 Sicini,
1347 512 1411 554 sere·

361 580 484 639 nissimo
506 576 699 658 impendar,
735 586 772 637 tu
793 575 845 636 hai
867 576 895 637 el
919 587 1043 637 temone
1061 577 1093 637 in
1114 578 1143 637 le
1163 587 1217 638 toe
1237 596 1327 637 mane.
1343 576 1411 637 oste

361 661 390 723 la
410 660 569 735 decimani,
592 660 705 721 andare
726 657 755 720 ie
776 680 864 720 nave.
906 658 1021 720 Reduci
1041 659 1185 742 adunque
1203 657 1232 721 el
1253 660 1311 719 mio
1329 660 1412 741 signos

360 754 392 805 et
411 755 464 804 tuo
484 740 577 823 figliol
597 746 699 803 Monet
723 740 776 803 nel
793 742 904 803 ducato
941 753 1079 824 paterno.
1101 743 1133 803 ln
1153 765 1171 803 n
1190 741 1247 817 lui,
1268 742 1413 803 comeseni-

360 829 399 889 sti
422 825 450 887 al
474 826 577 908 padre.
619 826 689 887 Non
709 822 805 886 lassor
820 824 848 885 el
868 827 1040 907 principato
1065 826 1097 887 io
1117 831 1187 886 ma'n
1204 826 1242 885 de
1262 824 1354 908 quello
1371 824 1414 883 che

364 930 429 971 noo
450 911 467 971 ὲ
488 910 586 991 degon
600 930 660 990 pus·
678 906 800 989 piccolo
821 910 945 990 tugurio
964 908 1077 970 havene
1089 910 1122 969 in
1137 929 1193 971 suo
1214 918 1327 988 potere.
1344 909 1414 967 Ceste

362 992 495 1055 ducante
518 992 546 1053 el
577 991 718 1073 principe
747 989 940 1052 Mechemeth
971 993 1005 1051 in
1016 992 1119 1069 ¹dela,
1152 1003 1184 1053 et
1202 992 1299 1051 Moses
1316 1001 1414 1051 tenente

364 1096 479 1137 ancora
499 1073 527 1135 el
570 1074 722 1155 rincipato
750 1074 790 1135 de
810 1074 941 1149 Tracia,
969 1083 1003 1136 et
1026 1072 1183 1136 habiando
1210 1083 1305 1134 morto
1328 1072 1414 1133 ellea-

364 1158 437 1219 tcllo
456 1160 524 1218 Mus
559 1178 669 1232 mano,
689 1167 721 1217 et
743 1177 830 1218 come
851 1157 973 1218 inimico
990 1155 1180 1239 implacabile
1199 1155 1323 1217 tenendo
1340 1154 1365 1216 la
1380 1155 1414 1215 ci·
1467 1157 1468 1164 ’

363 1242 396 1302 tia
415 1239 576 1317 associata,
604 1238 634 1301 la
653 1248 706 1299 tua
728 1239 852 1300 molestis
870 1240 985 1301 mando
1012 1264 1030 1301 a
1051 1241 1188 1301 chiamar
1209 1240 1238 1300 el
1256 1237 1346 1299 docio
1363 1240 1414 1297 lle-

366 1322 504 1385 chemeth
525 1324 563 1387 do
586 1323 710 1399 Pursis,
735 1332 765 1383 et
786 1322 929 1384 consede
950 1323 1075 1404 publica
1095 1323 1129 1384 lu
1148 1322 1296 1385 conclusae
1313 1320 1414 1380 incoo-

363 1407 580 1487 stantinopoli3
605 1417 636 1467 et
656 1404 792 1466 oscendo
806 1426 877 1483 noa,
896 1404 996 1466 dolet
1015 1406 1165 1488 pidvolte
1184 1408 1254 1467 fora
1271 1425 1289 1463 a
1305 1403 1414 1465 combat·

364 1500 429 1551 tere
456 1491 639 1565 mollone,
669 1488 721 1549 doi
751 1488 831 1550 volte
860 1499 1006 1569 superato
1027 1498 1060 1551 et
1088 1499 1178 1550 vento
1202 1487 1291 1549 tornis
1307 1489 1335 1546 in
1354 1487 1415 1544 Con·

362 1573 573 1654 slantinopoli.
615 1572 661 1633 La
690 1580 770 1631 tesza
790 1570 875 1632 volta
894 1592 955 1632 con
979 1573 1107 1654 meglior
1124 1573 1254 1654 augurio
1274 1570 1330 1631 ussi
1345 1570 1413 1638 fors,
1467 1589 1469 1610 >

364 1665 395 1717 et
412 1656 468 1737 pio
487 1676 548 1717 non
572 1652 676 1729 torno,
698 1650 755 1715 che
775 1653 890 1736 supero
910 1664 943 1716 et
961 1655 1060 1715 occise
1080 1653 1110 1715 el
1127 1674 1258 1715 comune
1275 1652 1414 1713 adversario

363 1738 429 1799 ela
451 1738 509 1797 cita
530 1736 629 1799 libero
653 1735 692 1797 de
709 1736 742 1797 lu
762 1737 880 1798 assedio
901 1738 941 1799 de
967 1734 1070 1819 qoello
1091 1738 1217 1798 inimico
1236 1733 1413 1809 inamieabile3
1467 1747 1468 1804 Ῑ

362 1829 395 1882 et
414 1822 446 1881 in
466 1830 573 1903 questo
602 1820 692 1881 modo
709 1820 829 1901 aquisti)
850 1820 880 1881 el
899 1820 1012 1881 ducato
1032 1820 1071 1880 de
1092 1842 1148 1882 suo
1170 1830 1268 1903 patre.
1288 1818 1344 1879 cosi
1361 1818 1411 1876 llo·
1467 1817 1468 1862 ἶ

363 1914 411 1964 rat
431 1901 647 1970 humilemeote
675 1924 769 1985 prega
790 1902 820 1963 lo
854 1914 907 1964 tua
927 1924 1015 1964 sacra
1036 1904 1181 1978 molesta,
1215 1903 1290 1963 hora
1316 1897 1414 1981 vogliats

365 1985 529 2063 saecului,
552 2007 637 2049 come
657 1984 808 2067 loquella
826 1986 910 2047 volta
930 2007 949 2046 a
968 2007 1024 2047 suo
1043 1997 1131 2067 patre
1151 1986 1269 2049 fecesti.
1307 1985 1413 2045 Prono·
1467 2019 1468 2032 2

363 2067 479 2131 teodoli
499 2070 585 2129 molti
605 2066 715 2152 grandi
748 2067 822 2129 doni
842 2080 874 2129 et
894 2066 1011 2131 theseri
1031 2068 1070 2129 de
1092 2070 1209 2165 prande
1226 2068 1341 2141 valore,
1357 2084 1414 2125 sen·

364 2171 420 2232 pre
443 2153 650 2233 exceptoando
673 2150 806 2233 Galipoli
827 2162 859 2211 et
879 2150 903 2211 li
926 2152 979 2213 dci
998 2152 1109 2213 minora
1128 2153 1236 2234 figlicli
1256 2153 1294 2215 de
1311 2169 1357 2211 soc
1372 2166 1412 2227 pe·
1467 2201 1468 2226 p

307 2234 424 2299 ¹6⁰tre.
472 2236 517 2296 Lo
545 2233 735 2317 impersdorc
759 2234 858 2295 fermo
878 2245 910 2296 et
931 2243 1090 2296 constante
1108 2244 1197 2296 stava
1219 2238 1252 2295 in
1273 2234 1302 2295 la
1318 2251 1364 2293 soa
1378 2248 1413 2287 rc·

361 2317 494 2396 chiesta‚
517 2318 555 2379 ns
577 2319 757 2381 nltromente
778 2319 954 2379 consentiva
975 2316 1047 2378 dare
1065 2338 1083 2377 a
1102 2318 1211 2379 Momt
1230 2320 1259 2379 el
1280 2310 1412 2377 damano

363 2408 397 2462 to
428 2400 589 2462 adiutorio.
641 2400 683 2462 Et
710 2399 899 2462 demorando
927 2400 1050 2462 Brahim
1082 2399 1171 2464 molti
1191 2401 1277 2464 sorni
1295 2420 1343 2482 per
1356 2404 1412 2456 olle·

360 2503 436 2543 nore
469 2482 498 2543 ln
524 2503 579 2544 sua
606 2485 775 2544 intentione
807 2483 845 2545 de
865 2484 898 2544 lu
935 2483 1128 2566 imperador,
1158 2504 1233 2548 ecco
1262 2485 1412 2546 venixann

360 2565 483 2625 sinistro
503 2565 651 2642 animale,
675 2563 703 2626 el
724 2565 815 2648 quale
833 2565 911 2628 salto
930 2569 962 2627 in
983 2566 1013 2627 la
1032 2567 1180 2648 palestram
1204 2579 1235 2630 et
1254 2569 1281 2628 la
1298 2583 1358 2625 cosa
1373 2559 1412 2618 do·

362 2645 507 2707 mandota
528 2647 567 2706 da
581 2649 685 2708 Morat
705 2649 766 2709 alo
787 2649 966 2731 imperador
986 2670 1044 2712 con
1065 2649 1209 2712 humilio
1223 2661 1253 2712 et
1274 2645 1412 2733 promissio·

361 2749 401 2790 ne
435 2728 472 2790 de
503 2728 588 2790 molti
620 2729 713 2805 doni,
740 2740 849 2813 questo
887 2735 1066 2814 importuno
1095 2734 1227 2794 animale
1256 2731 1413 2793 servilmeott

385 2814 494 2873 romise
514 2812 587 2873 dare
605 2815 739 2872 allocut
757 2824 788 2875 et
807 2835 868 2875 con
889 2815 1093 2877 submissione
1109 2816 1147 2876 de
1169 2817 1200 2876 la
1216 2837 1269 2878 sua
1289 2807 1412 2874 liberlsdt-

361 2834 496 2955 diacono
521 2895 665 2977 adunque
695 2915 783 2956 como
814 2899 916 2958 Monet
945 2897 1034 2980 passo
1056 2899 1086 2959 lo
1117 2898 1310 2983 Hellesponto
1329 2905 1355 2956 ct
1370 2907 1412 2950 τοῦ

362 2977 418 3037 che
441 2979 739 3061 oppanechiamento‚
762 2979 866 3039 elohi
890 2980 921 3041 fo
945 2979 974 3042 el
995 2981 1182 3042 conductore
1205 2992 1236 3043 et
1259 2981 1332 3042 dove
1349 2969 1412 3056 possi

363 3060 519 3138 amane,
547 3073 579 3122 et
603 3061 653 3122 chi
682 3059 714 3120 fo
742 3062 866 3143 patroni
896 3063 964 3125 dele
984 3085 1075 3125 nave.
1122 3065 1175 3125 Ali
1197 3065 1241 3127 liti
1263 3063 1299 3124 de
1319 3053 1413 3120 lonisl

361 3144 749 3287 pffioemplptappphaaicissa
762 3146 1189 3310 ’(Ῑυῖιιιίἒῑαρίξιῗερῗῐῖιῖωξὲξ
1202 3149 1413 3301 oiuidzoaeetmpz

664 3271 673 3304 l

361 3305 523 3388 aliaeque«,
553 3308 683 3369 deventa
716 3329 802 3370 come
833 3310 988 3372 sabbinae.
1019 3252 1076 3373 pEt
1094 3325 1204 3396 questo
1223 3305 1411 3375 subiunctas

362 3391 401 3450 dc
425 3393 529 3470 piena,
558 3389 743 3452 mettendolo
766 3393 798 3453 in
831 3391 963 3454 caldiera
995 3414 1054 3455 con
1089 3417 1186 3478 acqua
1217 3418 1235 3456 a
1261 3392 1372 3464 bollire,
1391 3402 1411 3442 κ

363 3471 508 3554 disliegua
538 3473 684 3535 edivene
704 3495 792 3536 come
821 3475 919 3536 brodo
939 3497 1044 3558 gresso
1064 3497 1084 3538 o
1105 3500 1191 3542 come
1213 3481 1288 3540 lacte
1308 3468 1411 3552 coagulo

363 3556 391 3616 la
412 3565 496 3617 terra
517 3576 622 3626 socco,
645 3556 703 3616 che
722 3578 847 3618 remane
870 3557 909 3618 de
937 3560 1007 3641 quel
1027 3581 1157 3642 gmsso,
1180 3581 1267 3623 come
1287 3555 1377 3618 inutile
1389 3565 1411 3606 κ

363 3659 447 3702 cava.
489 3639 528 3699 El
548 3636 647 3700 brodo
667 3659 700 3700 se
723 3651 816 3701 mette
837 3641 868 3700 io
889 3640 918 3702 le
937 3647 1001 3704 tine
1029 3663 1102 3704 oves·
1122 3644 1251 3706 cannali.
1272 3641 1310 3702 fin
1330 3642 1411 3720 quom
1467 3628 1469 3735 i

363 3723 446 3782 zorni
475 3721 638 3804 stagnum,
672 3722 701 3782 la
722 3723 883 3805 superficie
903 3744 936 3784 se
955 3746 1056 3786 venne
1076 3725 1117 3786 ad
1135 3727 1326 3810 compulere,
1344 3713 1412 3778 afa·
1467 3742 1468 3795 j

364 3823 398 3862 ze
426 3804 525 3864 alume
554 3803 654 3865 lustro
674 3825 761 3866 come
791 3805 936 3871 cristallo.
977 3807 1016 3869 El
1040 3808 1137 3871 fundo
1159 3811 1216 3873 che
1235 3826 1337 3870 avanzo
1352 3800 1410 3876 d0v⁰
1467 3814 1468 3879 ξ

364 3895 474 3963 quatuo
493 3889 593 3965 zos-ni,
616 3895 787 3948 semettono
807 3890 838 3949 in
859 3886 889 3948 lo
910 3891 1066 3969 caldiera3
1085 3901 1119 3954 et
1140 3891 1291 3955 contendo
1307 3881 1411 3948 del'sltn

364 3966 489 4028 sabione
507 3967 587 4030 facto
619 3969 687 4030 dela
709 3967 792 4030 dicta
819 3970 925 4052 piena,
949 3984 981 4036 et
1004 3974 1043 4034 de
1059 3995 1150 4056 sopra
1171 3975 1320 4059 spondono
1333 3955 1410 4026 desti·

310 4047 353 4100 161
366 4054 415 4104 tra
437 4069 551 4130 ecqua,
579 4062 609 4112 et
627 4060 768 4114 mellono
788 4075 807 4112 a
829 4053 956 4135 boglire.
979 4067 1011 4118 et
1039 4057 1158 4141 boglito
1179 4079 1265 4122 come
1282 4059 1316 4113 dc
1332 4061 1410 4126 sopfls

367 4137 500 4190 metteno
533 4136 565 4193 in
586 4136 612 4194 le
633 4133 749 4196 canale.
771 4147 802 4197 et
831 4138 893 4218 cos]
913 4159 946 4198 se
967 4138 996 4199 se
1020 4137 1122 4202 alume
1141 4163 1227 4203 come
1243 4130 1359 4198 cristallo
1373 4124 1409 4184 lu·
1467 4186 1469 4193 .

370 4217 475 4288 cente,
504 4219 670 4300 marcentia
695 4219 770 4292 ‚viva
799 4230 830 4281 et
859 4233 1001 4284 correcte
1022 4221 1054 4283 in
1076 4225 1178 4320 totto’l
1198 4207 1409 4294 mundando
1467 4199 1469 4307 Ξ
