3075 4825
293 420 364 479 vor
410 378 411 383 ‘
613 415 825 477 nummum
854 414 1058 479 amorum.

291 568 486 634 consuluisti.
513 570 557 630 lta
577 567 719 651 equidem
738 578 802 644 est,
825 566 1012 631 Craoumurs
1033 568 1297 650 Earrerrrrarar,
1318 590 1371 653 per

291 708 344 748 ora
374 687 513 748 virorum
540 687 656 747 tamdiu
684 707 796 747 nomeu
827 685 944 747 seretur
971 696 1076 760 tuum,
1110 686 1255 769 quamdiu
1275 696 1370 748 terras

288 788 382 885 genui
409 802 575 863 bumuuum
608 802 729 899 incolet.
772 804 885 863 Veram
904 802 1104 884 stabilemque
1122 801 1202 864 bauo
1220 823 1284 863 esse
1304 802 1370 864 lau·

288 918 379 997 dem,
402 941 466 981 nou
489 922 591 981 lictum
612 929 665 979 aut
686 918 818 998 duram,
839 916 1005 980 Ptolemaei
1023 916 1216 1000 Philadelphi
1238 919 1369 1003 Aegypti

288 1037 368 1119 regie
387 1049 454 1119 poet
473 1037 521 1099 bia
539 1036 624 1099 mille
645 1057 742 1099 anuos
762 1038 867 1099 asserit
890 1036 1060 1120 probatque
1083 1037 1238 1098 notissima
1265 1036 1365 1116 fama3

286 1172 377 1235 quam
411 1174 476 1215 uon
505 1154 672 1236 gestamina
700 1153 784 1237 regia
805 1164 955 1235 sceptrum
975 1152 1026 1216 rel
1045 1151 1206 1232 diadema,
1229 1173 1293 1213 uon
1315 1174 1365 1214 re-

286 1289 356 1329 rum
378 1266 461 1331 bello
488 1278 643 1353 gestarum
673 1267 822 1330 claritudo
844 1266 991 1331 illustrem
1011 1269 1051 1329 ad
1071 1280 1178 1332 uostra
1199 1270 1367 1332 etiamnum

288 1393 427 1466 tempora
448 1387 660 1461 transmisere}
681 1385 732 1448 sed
754 1384 841 1468 regio
864 1384 950 1446 cultu
969 1406 1005 1446 ao
1024 1395 1145 1468 sumptu
1164 1385 1304 1468 pluribus
1325 1386 1364 1451 ti..

286 1498 417 1561 brorum
444 1500 631 1585 myriadibus
662 1502 812 1563 instructu
830 1498 1026 1562 bibliotheca.
1066 1502 1185 1564 Diceris
1205 1502 1290 1580 aliia,
1309 1503 1364 1585 qui

286 1628 398 1677 eeteros
420 1619 545 1681 virtutes
566 1629 633 1681 tuor
656 1616 747 1701 digne
767 1617 943 1700 praedicare
961 1628 1108 1699 possunt:
1127 1620 1278 1681 ettouitua
1296 1618 1364 1681 illas

284 1732 586 1819 admirabundusque
606 1733 753 1817 auspicio,
776 1733 925 1819 simulque
944 1745 1095 1811 moestus,
1113 1734 1198 1817 quod
1222 1735 1363 1797 facundia

281 1870 319 1913 ac
339 1850 512 1935 eloquentia
532 1870 581 1912 me
603 1849 752 1927 deliniant,
775 1851 887 1932 quibus
906 1848 981 1911 illue'
993 1850 1106 1911 meritis
1122 1849 1363 1912 laudibueeffer-

279 1986 313 2027 re
335 1970 460 2049 possim.
502 1968 600 2050 Perge
620 1967 701 2050 quod
723 1966 814 2039 fucis,
838 1967 1026 2029 Crunrrrurs
1046 1968 1301 2041 Eurorurrssrrrr,
1322 1966 1362 2026 li-

278 2094 448 2146 teratorum
478 2085 556 2145 votis
578 2094 609 2145 et
635 2085 698 2146 otio
720 2084 846 2166 lavere,
869 2104 1035 2177 eorumque
1054 2082 1155 2153 studia
1174 2082 1362 2168 benignitate

279 2210 331 2262 tuu
354 2200 466 2263 lovere.
511 2198 596 2265 Vale.
