3075 4825
303 356 469 425 rmntne.
497 356 747 425 immrerre
781 356 970 425 menam.
1085 332 1171 449 457

105 512 200 593 palare
229 508 288 575 obe
317 512 416 577 lieven
434 514 566 577 onoointa
585 524 616 577 et
635 514 764 595 afflicta,
784 511 857 597 glila
875 511 1001 575 navans
1018 509 1175 577 mbnncn

104 595 179 657 della
198 592 280 677 goie.
326 599 426 660 Morat
452 600 597 681 adunque
625 597 688 659 lese
706 618 824 659 armare
848 598 901 680 pil
920 596 960 658 dc
988 607 1077 657 cento
1096 598 1231 680 galieni

104 689 133 738 et
162 677 233 739 altri
259 678 346 741 molti
377 680 483 743 navilii
511 692 542 743 et
575 681 768 764 parantnrie,
795 690 828 743 et
846 678 980 741 carcarle
999 679 1039 741 de
1057 680 1176 743 divam

105 758 268 843 artigliarle
285 774 317 825 et
339 764 512 827 munitione
534 766 574 825 da
604 766 808 839 combattere,
830 763 870 824 dc
885 782 988 844 grosse
1008 760 1178 826 bombnne

103 853 133 905 et
152 844 222 905 altri
242 849 389 909 tormenti
411 847 535 927 bellici,
556 847 686 909 lacendo
705 847 735 910 le
754 846 892 908 condere
903 866 958 927 per
977 845 1005 907 le
1022 845 1177 913 Danubio.

82 924 145 1011 *La
161 948 213 987 sue
243 950 374 1010 persona
406 931 445 993 ed
475 952 538 992 nno
570 941 676 1012 tempo
706 930 786 991 collu
806 931 937 991 exercito
969 948 1022 1011 per
1043 936 1130 990 terre
1147 940 1179 991 et

99 1006 236 1073 l’armntn
254 1032 309 1094 per
329 1034 427 1097 aequo
447 1033 546 1075 venne
565 1012 627 1075 allo
647 1012 765 1075 aasedio
788 1012 828 1075 dc
846 1010 1038 1095 Bellograslo.
1078 1013 1179 1075 Stctte

100 1093 141 1153 aci
161 1096 237 1155 mesi
267 1094 413 1175 intorno,
435 1096 475 1158 dn
499 1099 570 1181 ogni
627 1106 690 1157 arte
711 1096 952 1159 conhettendolo
982 1095 1016 1155 (ll
1036 1106 1068 1157 et
1085 1104 1180 1157 nocte

100 1194 158 1237 oon
179 1178 351 1259 asprissime
370 1178 512 1261 bataglie.
529 1201 588 1264 per
604 1118 639 1241 la
661 1180 871 1242 misericordia
893 1178 932 1239 dc
946 1176 999 1239 dio
1020 1188 1051 1239 et
1072 1178 1178 1241 valido

122 1258 237 1321 residio
256 1262 295 1321 de
314 1263 336 1323 li
352 1262 510 1345 Hungari,
548 1262 649 1347 quelle
670 1262 769 1325 oitade
788 1266 822 1324 in
841 1262 871 1323 la
891 1260 958 1323 fede
976 1282 1010 1322 se
1028 1273 1180 1324 mantenc.

99 1279 150 1403 lla
171 1342 244 1404 delli
265 1344 381 1407 anchi
413 1346 500 1407 molti
522 1346 638 1489 sipnori
658 1358 689 1408 et
709 1358 796 1409 cente
814 1344 891 1407 meai
911 1343 1053 1407 celerose
1071 1346 1103 1407 in
1122 1346 1180 1408 bc·

98 1421 193 1506 teglia
214 1437 302 1509 perte
335 1428 368 1489 lo
389 1440 489 1491 morta
510 1429 573 1491 dei
595 1429 754 1513 Hungeri,
786 1428 843 1491 che
861 1449 919 1491 con
941 1426 1056 1511 grende
1074 1430 1178 1491 enimn
1227 1464 1232 1473 ·
1323 1494 1330 1506 ,

97 1516 130 1568 et
154 1528 213 1569 usu
246 1509 284 1571 de
312 1511 444 1593 hetnglio
480 1510 655 1575 virilmentc
677 1512 819 1575 delendia
846 1511 877 1574 le
897 1511 1016 1583 citede;
1077 1520 1126 1573 rte
1145 1512 1179 1573 lo

96 1602 197 1653 niorto
223 1591 304 1655 dnlle
334 1594 427 1677 spada
459 1593 508 1659 dcl
538 1596 751 1679 omnipotente
783 1596 855 1671 dio,
879 1594 938 1657 che
956 1532 1076 1655 nisonlla
1087 1616 1179 1678 sopra

95 1672 201 1754 quella
219 1686 306 1739 cente
325 1698 414 1741 senen
434 1679 512 1741 lerze
530 1690 561 1742 et
586 1700 674 1743 senna
698 1678 767 1743 fede
786 1700 849 1741 nnn
867 1677 1041 1761 pestilentia
1060 1690 1180 1740 morta-

94 1756 148 1834 le,
168 1758 228 1820 eho
250 1762 355 1825 subito
374 1762 456 1825 leriti
476 1764 515 1827 dn
536 1762 565 1827 ln
585 1764 731 1847 pestifere
753 1774 869 1847 mgettn
889 1761 1038 1825 eadivano
1059 1784 1078 1823 a
1097 1772 1180 1824 tem

91 1841 200 1909 morti.

174 1926 212 1989 ln
236 1938 345 2009 questo
364 1938 468 2011 tempo
491 1930 605 1991 lonnne
627 1930 800 2014 imperndor
821 1928 852 1989 di
875 1929 992 1999 Greci,
1012 1939 1044 1989 et
1062 1930 1152 2010 losep
1166 1954 1238 2001 ,ιη

85 2018 196 2069 sancto
216 2010 396 2105 patriarche
418 2006 456 2073 ‹le
474 2012 755 2096 Constantinopoli,
779 2032 838 2072 oon
857 2010 972 2094 grande
994 2030 1122 2072 numero
1141 2010 1181 2073 de

83 2092 234 2173 episcope
255 2102 288 2154 et
305 2096 446 2175 generosi
466 2094 617 2177 principi,
639 2099 828 2179 navigarano
849 2095 880 2154 in
903 2093 990 2155 ltnlin
1007 2114 1066 2175 per
1081 2093 1131 2155 sar
1149 2092 1180 2155 cl

82 2173 222 2237 concilio
252 2186 282 2238 et
301 2175 332 2238 la
346 2192 351 2203 ·
365 2180 488 2245 unione.
530 2179 713 2261 Congregati
734 2178 876 2259 adunque
895 2176 935 2237 de
954 2178 1041 2252 Asia,
1065 2176 1180 2237 ‘l'rncia

83 2268 115 2319 et
138 2258 216 2320 dalli
244 2260 343 2323 sancti
377 2261 555 2323 monasterii
590 2260 629 2325 de
652 2264 759 2323 Monte
781 2269 911 2336 sancto,
932 2259 1019 2321 molti
1038 2258 1180 2319 monachi

84 2342 262 2404 venerandi
280 2353 312 2405 et
329 2344 407 2405 sacri
423 2344 572 2426 Theologi
594 2344 672 2407 delle
694 2342 906 2407 adoratissima
925 2342 1075 2424 religione
1094 2341 1134 2403 dc
1147 2342 1180 2409 S.

89 2425 232 2505 Basiliog
263 2437 294 2488 et
314 2437 393 2490 tutte
413 2437 522 2512 questa
544 2430 617 2491 Sino
640 2426 852 2510 Theologichn
872 2427 981 2489 venire
1006 2425 1037 2486 in
1056 2447 1122 2487 eom
1162 2467 1181 2484 .

93 2511 168 2590 gnie
204 2508 248 2572 de
266 2511 373 2592 looep,
401 2523 507 2574 nancto
529 2511 701 2594 patriarcha
723 2509 1073 2592 Constantinopolitano.

91 2589 122 2653 la
143 2613 236 2656 mern
256 2593 403 2656 Caesarea
429 2597 542 2657 maesti
572 2596 682 2658 veniva
703 2593 725 2654 li
746 2593 876 2678 gloriosi
896 2591 1030 2673 principi
1050 2590 1102 2653 del
1125 2613 1181 2654 ono

91 2675 214 2756 peloro.
263 2677 309 2738 Le
339 2678 469 2738 sanctita
497 2676 536 2738 de
557 2678 869 2762 Eugenio'pontcfioe
887 2675 1039 2746 Romano,
1060 2677 1089 2736 cl
1107 2675 1180 2757 quel

90 2757 123 2821 lo
146 2771 260 2824 auctor
295 2757 363 2824 dele
384 2771 490 2822 sauma
517 2762 653 2837 unione,
684 2759 781 2822 haren
802 2759 986 2821 mandatae
1008 2757 1181 2818 Constanti·

90 2843 197 2925 nopoli
217 2840 388 2906 sufficiente
409 2865 538 2906 numero
558 2845 597 2908 de
617 2844 713 2929 gelie,
746 2854 779 2906 et
799 2842 839 2905 de
860 2865 918 2904 oro
938 2852 1024 2904 tante
1042 2843 1182 2922 quantita

89 2937 208 3007 qnontn
243 2928 271 2988 si
298 2929 447 2989 convenia
467 2949 522 3034 per
542 2925 571 2990 le
605 2949 690 3010 spese
710 2937 741 2988 et
760 2937 914 3008 apparatu
933 2925 974 2988 nd
992 2924 1127 2986 conduco
1148 2923 1180 2985 in

88 3008 177 3072 ltalia
200 3007 231 3072 el
247 3009 427 3087 monarcha,
451 3011 486 3074 el
504 3011 680 3092 patriarcha
698 3010 737 3071 de
757 3011 896 3072 Oriente.
928 3007 1069 3107 ‘Montati
1081 3007 1180 3104 adnn-

87 3089 1182 3259 3:51sollerte&retransmittere

85 3253 147 3321 lica
171 3261 212 3322 de
237 3261 403 3338 Ponente,
435 3280 494 3320 con
521 3263 662 3342 prosperi
692 3261 777 3322 venti
798 3260 868 3320 nav'
908 3257 970 3320 ndo
993 3259 1179 3320 arrivarono

85 3342 146 3405 alla
169 3363 288 3425 magne
315 3344 378 3404 cita
406 3342 445 3403 de
464 3343 604 3406 Venetia.
647 3343 756 3404 Venno
783 3343 849 3404 lora
893 3341 951 3404 ella
969 3341 1045 3404 cittis
1064 3340 1092 3401 el
1113 3361 1180 3401 rna·

85 3447 149 3507 gno
164 3437 200 3488 et
220 3426 362 3512 glorioso
384 3425 484 3488 duoha
505 3427 552 3488 col
578 3447 634 3488 sue
654 3424 901 3488 excellentissimo
921 3434 1029 3488 senato
1048 3424 1097 3485 nel
1119 3422 1179 3483 du·

83 3510 131 3571 cal
153 3511 349 3584 Bucintoro,
372 3518 456 3572 tutto
492 3518 602 3572 ornato
621 3507 737 3585 d'oro,
770 3508 810 3569 ed
836 3507 994 3570 honorare
1015 3517 1047 3569 et
1066 3505 1179 3567 abbra·

83 3593 168 3655 cinre
189 3595 224 3656 lo
244 3592 424 3674 imperador
444 3590 481 3654 c'l
500 3591 672 3673 patriarcha
691 3591 724 3652 di
752 3591 872 3662 Romei.
896 3592 966 3652 Non
989 3593 1100 3652 rimoso
1121 3588 1179 3649 ho·

82 3696 135 3738 mn
153 3677 196 3740 ne
218 3676 306 3738 done
334 3675 365 3737 in
384 3675 413 3738 la
435 3675 549 3750 eitade,
579 3675 719 3738 chonon
739 3674 866 3736 andasse
887 3695 945 3738 con
968 3671 1179 3753 maravigliosa

84 3761 215 3840 pietnde
236 3769 270 3820 et
291 3757 456 3821 riverentie
477 3759 516 3819 ad
537 3757 649 3822 vedere
671 3768 704 3821 et
722 3757 880 3820 honorare
900 3756 1003 3841 quelle
1023 3754 1073 3816 doi
1092 3755 1238 3836 qnnsiait

81 3842 190 3913 divine
217 3841 398 3904 maiestade.
438 3841 623 3920 Quandofo
646 3840 675 3903 le
696 3862 790 3902 zorno
808 3841 972 3924 deputato,
994 3839 1017 3901 li
1037 3835 1092 3898 doi
1113 3857 1179 3897 mo-

82 3929 203 3990 narche
225 3925 263 3987 di
278 3923 377 4002 Greci,
385 3926 612 4008 accompagnati
632 3923 682 3987 dal
693 3924 892 3987 serenissimo
906 3921 1048 4006 principe
1068 3919 1180 3982 dch·

81 4015 199 4086 nerin,
224 4007 287 4070 che
323 4009 430 4088 pariva
448 4029 508 4068 una
529 4017 632 4070 sancte
651 4008 794 4084 Trinita,
828 4011 987 4068 intrarono
1007 4001 1057 4064 nel
1076 4023 1181 4064 soma·

81 4095 203 4156 tissime
225 4089 347 4172 templo
368 4091 407 4152 de
428 4101 531 4152 sancto
554 4094 657 4152 Marco
677 4091 871 4174 vangelista,
891 4089 972 4150 dove
992 4086 1025 4147 lo
1044 4085 1180 4148 celebra·

81 4185 114 4237 ta
135 4199 203 4238 una
225 4171 462 4236 sollemnissime
484 4195 580 4236 messa
604 4173 737 4236 secondo
758 4175 787 4234 le
806 4171 973 4233 cerimonic
993 4168 1074 4231 della
1094 4169 1179 4230 chie.

79 4261 125 4327 tie
147 4255 340 4339 Orientale,
371 4277 430 4322 oon
465 4267 550 4322 tonte
570 4257 661 4323 laude
693 4257 833 4322 oratione
863 4264 895 4318 et
914 4253 995 4318 canti
1019 4251 1079 4316 nlla
1098 4252 1180 4317 dein
