3075 4825
372 396 531 465 tranen
546 358 810 465 ¹ra'ranrrnnn
836 398 1025 465 necaro.
1152 374 1233 476 4η

165 553 311 618 teuderado
336 552 394 617 circ
412 554 553 617 ‘ansata
583 574 640 615 con
673 553 779 616 Zonait
808 552 904 615 havea
936 562 1057 637 peceato
1087 548 1189 633 intro,
1208 564 1241 617 et

162 659 219 699 con
240 639 285 701 lur
304 640 402 701 larvea
430 636 452 698 li
473 636 604 699 Vulachi
623 646 656 697 et
673 637 786 720 grande
803 640 893 718 copie
914 635 953 699 de
975 636 1110 710 Turoni,
1131 646 1163 697 et
1182 637 1241 698 che

160 722 266 785 veniva
293 742 380 785 verno
416 721 445 783 le
465 731 552 803 parte
576 720 615 780 dc
635 718 792 803 Tesaglia,
820 720 917 781 anche
936 719 1127 782 Mechemeth
1148 726 1268 783 verso*

158 800 188 865 ia
216 805 378 888 Thesaglia
409 819 536 865 menava
557 803 586 863 ci
606 823 662 863 auo
683 805 826 864 exercito.
875 803 942 865 Non
961 802 1041 865 ionzi
1061 804 1101 865 da
1118 803 1238 865 Saloni-

157 886 207 948 chi
227 888 259 948 di
280 889 332 949 dor
352 886 495 949 contrarii
517 887 641 948 exerciti
661 884 787 947 fraterni
817 907 850 947 se
867 896 1083 964 econtrarono,
1103 896 1137 948 et
1154 885 1238 947 l'una

155 980 186 1030 et
205 968 308 1033 l'altra
328 980 417 1054 parte
438 990 536 1031 venne
555 969 614 1031 alle
634 990 745 1042 mane,
771 990 831 1031 con
851 968 967 1052 grande
985 970 1081 1031 hodio
1101 970 1246 1031 combat·'

155 1053 258 1119 tendo.
279 1055 361 1137 dopo
384 1054 475 1133 longo
497 1052 640 1114 conflicto
663 1050 855 1115 Mechemeth
875 1054 908 1115 so
927 1052 1094 1134 superiore,
1115 1063 1146 1114 et
1168 1055 1238 1113 Mu·

154 1136 232 1197 sousa
265 1158 325 1199 con
352 1136 462 1199 Zonait
496 1156 582 1197 verso
614 1134 767 1198 salonichi
796 1136 952 1202 fuzircno.
1002 1134 1195 1197 Mechemeth
1217 1138 1246 1196 ii·

152 1218 1001 1383 {ititffirfltztsssstt‘tr”littip‘ti‘tiirtt
1014 1218 1053 1363 ii
1067 1216 1238 1364 titii?
1250 1219 1299 1273 '¹⁸

152 1383 183 1445 lc
214 1386 301 1449 sorae
330 1397 362 1449 et
390 1386 512 1447 i'animo
540 1346 737 1455 iesumendo,
761 1384 957 1447 ritornaaono
983 1396 1089 1447 contro
1117 1347 1240 1447 Mache3

150 1468 249 1529 metir.
290 1472 343 1531 Ma
363 1468 523 1551 vegnando
544 1467 645 1529 l'hora
663 1466 752 1529 tarda
773 1467 842 1529 dela
863 1488 950 1545 scra,
970 1470 1171 1529 ritornarono
1191 1468 1239 1529 ala

150 1552 267 1615 citade.
289 1555 341 1615 Ma
353 1551 521 1613 dubitando
541 1553 638 1612 intrar
650 1550 774 1629 dentro,
785 1551 942 1613 Demetrio
960 1552 1083 1612 Lascari
1098 1551 1240 1613 Leonda-

151 1632 203 1712 ri,
252 1634 367 1697 resecto
385 1636 424 1697 dc
445 1634 616 1711 Salonichi,
640 1633 661 1695 li
681 1634 820 1696 assecuto
841 1646 872 1696 et
891 1634 1124 1718 benignameute
1147 1635 1167 1696 ii
1190 1656 1241 1695 ac-

149 1728 267 1799 cepto,
295 1719 469 1783 menandoli
494 1718 624 1793 dentro,
656 1716 869 1780 consolandoli
890 1729 920 1781 et
940 1719 1166 1779 confortandoii
1184 1718 1244 1778 che

144 1799 689 1966 ffliiissisfflii‘imii
705 1800 738 1944 1¹?
746 1801 914 1945 ma
931 1802 1241 1945 atttriti·

145 1985 190 2025 ne
209 1964 253 2025 de
272 1966 487 2044 Machemcth,
508 1988 525 2027 e
545 1966 601 2027 che
619 1977 828 2026 securamente
848 1986 881 2026 ae
900 1964 1009 2027 fidesic
1032 1968 1061 2026 in
1084 1965 1113 2027 la
1135 1968 1243 2027 amici-

144 2047 192 2107 tia
214 2055 247 2107 ct
266 2046 444 2129 hospitalita
464 2050 503 2110 de
523 2047 657 2109 Lascari.
702 2050 782 2109 Data
803 2048 946 2130 adunque
967 2048 1035 2109 fede
1052 2048 1113 2111 alie
1133 2050 1242 2131 parole
1322 2042 1328 2063 ⁸

144 2128 189 2190 de
211 2130 390 2208 Lcoudari,
411 2131 543 2193 Mactata
564 2140 595 2191 et
613 2130 713 2191 Zinait
731 2134 894 2191 assecurati
914 2130 1089 2192 lietarnente
1109 2134 1241 2191 intraro·

142 2232 189 2273 no
213 2214 248 2272 in
272 2212 428 2275 salonichi
449 2226 481 2277 et
500 2233 671 2320 cenarem,
695 2215 744 2356 gaci
760 2212 881 2274 dicione
902 2213 969 2274 loco
991 2216 1020 2274 ai
1043 2234 1153 2279 sonno.
1175 2215 1247 2294 Δρ·ἱ

141 2294 291 2441 ’ἒὲἓὸὼ
305 2294 708 2463 ῃῖἶ“’ἕέ“ἓοε“μ“ἳῗέρῗὶ
729 2295 1241 2461 iiiiiaiffuiiitnmoiii‘i'i'i

143 2463 198 2525 Tu
223 2466 368 2548 cognosci
389 2462 466 2526 benc
486 2463 611 2526 l'amore
631 2463 830 2545 infrangibile
848 2464 929 2524 ch'io
949 2473 1046 2545 porto
1067 2463 1107 2523 ad
1125 2461 1248 2545 sinape--

142 2546 262 2608 radore
297 2544 329 2606 di
351 2546 451 2614 Greci.
480 2547 597 2631 guarda
630 2543 776 2629 adunque
808 2546 847 2608 de
867 2567 930 2608 non
952 2567 1033 2608 esser
1052 2565 1162 2608 casam
1182 2546 1241 2607 circ

140 2640 243 2690 tanto
259 2649 364 2692 amore
386 2643 418 2692 et
437 2629 570 2693 amicitia
589 2629 715 2691 manche
737 2641 787 2692 tra
809 2629 876 2704 noi;
900 2640 932 2692 et
950 2629 1007 2691 che
1026 2639 1109 2690 tutta
1133 2631 1242 2690 Gracia

138 2713 190 2774 eia
215 2711 402 2794 destructa,
439 2724 469 2776 et
489 2712 521 2777 la
555 2725 662 2776 nostra
693 2712 828 2774 amicitia
860 2715 891 2774 in
912 2733 1007 2796 grave
1029 2712 1185 2773 inimicitia
1210 2733 1247 2772 se·

138 2805 307 2858 convertar.
350 2797 395 2858 La
427 2799 499 2860 fiera
532 2809 641 2860 venata
669 2795 707 2857 de
725 2799 789 2874 mi,
814 2801 987 2878 intercepta
1008 2795 1048 2858 da
1068 2799 1114 2873 ti,
1136 2795 1242 2856 rendi-

135 2878 239 2940 meia.
282 2879 325 2940 Et
345 2899 379 2942 ac
409 2893 518 2965 questo
541 2903 602 2942 non
630 2880 727 2955 sarai,
748 2883 779 2941 in
808 2901 891 2962 poco
920 2880 1019 2962 spatio
1040 2878 1191 2961 prenderi)
1211 2877 1242 2937 la

137 2971 198 3024 tua
223 2961 339 3039 cicade,
360 2973 390 3024 et
409 2965 564 3046 captivari>
582 2967 653 3026 tutti
669 2962 765 3047 quelli
785 2963 841 3024 che
865 2964 975 3024 dentre
995 2983 1029 3026 ee
1050 2963 1188 3036 novari,
1211 2971 1244 3021 et

136 3044 234 3107 torri)
257 3043 287 3105 la
307 3057 361 3105 tua
381 3048 466 3124 vita,
486 3059 516 3108 ct
537 3048 558 3108 li
578 3051 637 3109 mei
657 3048 772 3108 inimici
796 3046 911 3108 bavari)
933 3051 964 3108 in
986 3047 1014 3106 le
1034 3065 1135 3107 mane.
1178 3043 1241 3104 De-

135 3128 282 3200 metrio,
306 3125 420 3190 huomo
441 3129 564 3212 predito
585 3131 624 3192 de
644 3130 759 3211 grande
778 3130 949 3212 capientia,
967 3129 1030 3190 cosi
1051 3125 1243 3212 responden-

136 3211 183 3273 do
206 3211 306 3271 disse.
355 3212 466 3294 Signor
490 3211 610 3288 dualia,
641 3225 674 3272 tu
710 3213 772 3274 ben
792 3214 836 3274 sai
857 3212 1021 3275 ch'io·n0n
1041 3233 1096 3275 eon
1117 3210 1241 3294 signer,

133 3315 194 3356 ma
219 3293 254 3355 io
274 3313 332 3356 son
353 3315 464 3374 servo,
486 3306 516 3356 et
536 3315 598 3356 non
621 3294 788 3357 solamente
810 3297 848 3358 de
868 3295 1063 3378 l’irnperador
1082 3296 1114 3358 ἀί
1135 3292 1241 3370 Greci,

135 3399 195 3438 ma
218 3376 262 3436 de
283 3375 314 3437 la
334 3387 388 3439 tua
408 3379 554 3460 signoria.
575 3379 616 3440 Et
636 3378 749 3459 perche
782 3378 821 3441 de
839 3389 894 3440 tua
913 3379 1036 3440 volanti
1056 3391 1087 3441 te
1106 3379 1150 3440 aei
1167 3395 1242 3438 oon·

131 3460 270 3523 stituito
298 3459 412 3604 figiiolo
439 3461 479 3524 de
501 3459 732 3543 l'imperadore,
763 3461 867 3523 debito
898 3473 930 3523 et
949 3463 1050 3525 officio
1083 3464 1146 3522 mio
1163 3461 1182 3520 e
1202 3462 1243 3518 de

133 3543 191 3606 sar
214 3549 301 3604 tutte
333 3565 442 3607 ecose
461 3545 519 3607 che
539 3567 589 3606 me
607 3544 756 3606 comenda
776 3544 806 3604 el
823 3543 915 3626 figliol
937 3546 988 3607 dci
1008 3547 1072 3607 mio
1103 3545 1239 3624 signore.

131 3629 199 3690 Ma
222 3647 285 3709 pur
304 3627 322 3688 iz
343 3627 441 3689 anche
469 3631 532 3689 mio
554 3628 675 3703 debito,
698 3627 819 3688 iocose
838 3627 1030 3691 intravenute
1049 3627 1188 3688 notificat·
1209 3621 1240 3683 ai

132 3719 201 3772 tuo
227 3721 321 3792 patre
350 3711 555 3794 imperadore.
608 3711 650 3774 Et
671 3712 904 3774 maximamentc
929 3713 987 3774 che
1007 3733 1066 3772 non
1082 3712 1105 3788 ¹e
1125 3710 1240 3771 huomo

132 3792 180 3854 de
203 3791 311 3876 poche
329 3795 506 3856 conditione
525 3793 628 3878 quello
649 3794 706 3858 che
727 3795 870 3855 eintrato
891 3798 922 3856 ia
943 3793 973 3857 la
995 3789 1301 3858 anteactam-1¹9

130 3875 303 3973 perndore
335 3877 510 3961 persequito
539 3879 578 3939 da
600 3887 629 3938 te
649 3897 736 3940 come
764 3884 890 3960 pernixe
913 3881 953 3940 da
974 3877 1107 3941 folcone.
1149 3872 1241 3934 Mae

133 3969 265 4022 antrato
292 3981 349 4044 per
374 3981 429 4021 sua
448 3960 616 4022 salvatione
636 3961 664 4022 cl
687 3960 791 4044 quale,
813 3981 899 4024 come
920 3961 962 4021 ho
981 3960 1100 4033 intem,
1123 3956 1159 4017 e'i
1180 3965 1237 4017 tuo

130 4040 290 4104 smdetto.
332 4045 384 4104 Ma
404 4043 523 4105 nachor
543 4045 595 4107 s’ei
616 4043 695 4106 fosse
718 4066 780 4107 uno
797 4044 891 4105 homo
912 4041 1083 4124 devulgo,
1106 4061 1168 4101 non
1195 4039 1238 4102 tet

129 4125 234 4186 darei
254 4127 287 4187 in
310 4123 342 4188 lc
360 4147 470 4200 mane,
505 4149 567 4197 non
589 4126 743 4188 habiando
769 4127 978 4190 commissione
1002 4123 1084 4186 dallo
1104 4126 1238 4208 imperc-

131 4209 234 4271 dore.
277 4208 320 4272 Et
339 4231 397 4293 per
429 4219 516 4272 tanto
544 4209 738 4274 cervilmente
768 4221 799 4271 tc
818 4231 936 4291 prego,
964 4207 1045 4290 vogli
1065 4209 1161 4271 haver
1181 4229 1238 4305 po·

133 4289 256 4354 aientia
276 4313 332 4378 per
350 4315 432 4378 poco
453 4305 577 4378 tempo,
598 4305 629 4359 et
648 4299 679 4358 io
699 4297 731 4356 in
753 4303 860 4379 questa
873 4291 952 4357 hora
971 4292 1118 4358 nuntiari)
1140 4293 1237 4356 al’rm·
