3075 4825
235 449 238 453 ,
306 399 464 462 nitier,
503 399 753 462 in'rnnrnnnn
789 398 976 464 incanto,
1102 373 1189 487 497

109 546 282 628 inpunitate,
302 548 403 610 hebbe
425 571 484 611 non
511 551 625 632 piacola
647 573 741 632 porra
765 572 820 634 per
840 553 868 613 el
889 555 1020 612 termine
1045 551 1117 613 doto
1136 551 1188 614 dnl

109 631 228 708 duclla,
252 643 281 691 et
303 635 415 713 peinhlr
433 655 483 694 era
505 636 662 694 demorato
682 637 735 716 pin
755 637 795 695 do
818 635 907 694 zorni
930 636 1036 698 XXX.
1077 635 1117 696 El
1139 646 1194 718 ty·

108 734 199 773 ranno
236 713 380 796 adunque
416 716 509 797 pieno
539 716 577 778 de
608 719 675 788 ira,
701 720 801 777 nsoito
832 716 871 777 de
902 717 1108 797 Andrinopoll
1129 740 1190 778 oon

107 795 208 857 tutto'l
236 817 291 857 suo
313 800 462 875 exercito,
494 799 575 859 nodo
596 822 612 858 a
637 799 851 880 Philipopnli,
883 799 963 858 dove
982 819 1062 878 poco
1082 799 1193 860 demo-

106 879 198 938 rando
221 879 307 939 arivlr
328 881 356 940 el
377 901 433 941 sno
455 882 563 942 nuntio
598 881 656 942 che
675 882 770 942 haven
793 881 938 942 mandato
959 881 988 940 al
1007 881 1130 962 dispoto
1152 883 1193 944 de

104 961 218 1026 Servio.
271 963 310 1022 El
336 963 428 1046 quale
455 962 476 1023 li
506 965 627 1026 notifico
659 984 745 1025 rome
768 964 796 1024 el
819 964 943 1046 dispote
963 984 1015 1023 ern
1037 964 1136 1046 fugito
1159 965 1193 1028 in

108 1044 341 1125 Hungerin‚·et
364 1046 420 1106 elie
442 1047 482 1106 lui
505 1047 536 1108 fo
558 1056 697 1108 retenuto
717 1046 791 1106 delli
810 1049 857 1107 eoi
879 1048 1001 1110 baroni.
1024 1055 1057 1106 et
1076 1047 1193 1106 nondi-

105 1145 194 1197 meno
215 1129 312 1187 havea
340 1129 483 1190 nuntiato
514 1131 543 1190 al
575 1129 675 1190 ducha
699 1131 727 1190 el
756 1149 812 1189 sno
837 1131 990 1189 dimornre
1009 1139 1039 1188 et
1056 1128 1077 1188 li
1098 1151 1193 1210 eppa-

105 1210 323 1271 reechiamenti
343 1211 398 1272 che
421 1213 564 1272 socevano
585 1213 605 1272 li
625 1213 711 1272 Servi
734 1211 773 1272 e'l
793 1212 872 1271 fuzir
892 1212 940 1272 del
960 1212 1092 1292 diepoto.
1113 1211 1193 1273 aldi-

106 1301 136 1352 te
155 1305 261 1374 queste
285 1314 369 1366 cose,
392 1293 419 1354 el
441 1295 539 1354 ducha
564 1295 658 1354 libero
677 1295 705 1356 el
727 1315 817 1355 servo
839 1293 918 1354 dalla
932 1306 1032 1355 morte
1056 1294 1113 1355 che
1136 1315 1193 1378 per

103 1373 132 1434 la
151 1395 206 1434 sun
227 1376 346 1438 dimora
369 1375 390 1436 li
414 1377 508 1438 lrnven
534 1381 695 1438 terminato
716 1377 801 1437 dore.
844 1377 882 1436 Li
906 1379 1056 1459 Hungnri,
1080 1376 1138 1438 ohe
1159 1380 1193 1439 in

105 1458 176 1538 quel
199 1470 301 1540 tempo
322 1461 458 1519 lraveano
485 1471 603 1542 passato
633 1460 661 1519 el
680 1459 846 1536 Danubi0,
874 1470 904 1521 et
926 1459 1074 1520 vastando
1095 1459 1192 1521 molto

103 1560 195 1620 paese
218 1563 249 1602 se
269 1542 393 1603 scootrb
422 1542 502 1602 collo
524 1545 656 1603 exercito
678 1542 879 1619 Turcheseo‚
910 1553 942 1603 et
970 1545 1074 1602 venuti
1095 1543 1118 1603 li
1140 1544 1193 1605 doi

102 1627 228 1683 exerciti
251 1627 298 1686 ate
318 1626 420 1699 meni,
440 1627 459 1685 li
482 1627 620 1708 Hungari
643 1625 756 1686 forono
777 1623 957 1708 superiori3
976 1626 1057 1686 onde
1077 1647 1137 1686 con
1161 1626 1193 1687 ln

102 1705 236 1766 victoria
265 1720 294 1768 et
314 1729 371 1769 con
393 1707 422 1768 la
470 1709 541 1768 reda
569 1721 693 1769 tornnro
717 1708 755 1769 nd
779 1711 869 1770 Intro.
910 1708 948 1770 El
968 1719 1098 1790 tyranno
1119 1729 1192 1789 por.

100 1789 196 1849 tendo
220 1790 259 1850 dn
279 1729 467 1872 Pliilipopull
478 1839 487 1868 ,
510 1789 593 1852 antll)
613 1795 645 1850 in
675 1791 810 1872 Sophia,
832 1802 865 1853 et
884 1789 906 1850 li
924 1787 1004 1852 lost>
1023 1792 1056 1852 lu
1076 1794 1193 1852 exerei-

100 1879 135 1931 to
157 1891 218 1932 eon
242 1873 263 1932 li
287 1879 410 1934 messazi
431 1884 461 1933 et
481 1873 675 1934 multitudine
700 1873 739 1934 de
760 1875 780 1934 li
798 1873 898 1937 veelri.
919 1875 995 1934 Esso
1015 1885 1193 1935 veramente

98 1975 159 2013 con
186 1953 209 2013 li
244 1955 351 2014 noveni
389 1956 427 2017 da
451 1958 500 2036 pie
524 1959 587 2016 lino
620 1957 720 2016 axx
748 1955 832 2016 milia
854 1955 940 2015 intrl)
964 1956 995 2014 in
1019 1955 1049 2015 la
1073 1960 1190 2018 Servio.

98 2057 166 2095 non
190 2037 285 2096 trovl)
321 2039 431 2098 alcuno
467 2039 523 2098 che
543 2037 564 2099 li
602 2041 720 2099 venisse
739 2049 868 2112 contra,
890 2037 1049 2118 ρει-01111111
1071 2038 1193 2120 dispoto

96 2116 194 2179 molti
218 2119 303 2178 zorni
341 2119 445 2181 evanti
477 2141 529 2182 era
550 2131 671 2202 passnto
701 2123 733 2180 in
757 2119 916 2202 Hungnrin
937 2141 994 2180 con
1016 2123 1085 2180 tutti
1107 2121 1127 2180 li
1146 2120 1191 2181 soi

97 2201 218 2262 baroni
241 2213 269 2262 et
299 2202 454 2284 fnmrrghn,
485 2215 514 2264 et
534 2203 684 2266 fornendo
713 2201 735 2263 li
757 2203 876 2264 castelli
903 2203 1002 2285 d'ogni
1023 2205 1251 2285 munitionetrp

96 2281 120 2344 li
153 2284 308 2344 comendo
334 2286 392 2347 ohe
421 2297 555 2348 stesseno
584 2287 695 2348 dentro
718 2307 806 2347 senza
827 2307 946 2367 paurn3
976 2285 1033 2346 che
1054 2285 1085 2344 in
1109 2305 1192 2367 poco

98 2377 211 2449 tempo
231 2377 369 2430 tornarin
389 2391 445 2431 con
467 2369 739 2453 grandepotentia.
779 2369 819 2431 El
840 2380 973 2453 tyranno
993 2371 1111 2430 intrato
1132 2368 1195 2431 line

98 2473 117 2509 a
137 2450 317 2512 Smedrovo
352 2474 406 2533 per
435 2453 465 2513 la
497 2454 615 2533 grande
641 2454 769 2515 volanti
798 2453 854 2513 che
879 2452 977 2513 haren
1005 2451 1045 2513 de
1067 2463 1195 2533 guaston

96 2532 170 2615 quel
194 2533 284 2607 loeo,
309 2536 419 2616 perche
435 2557 486 2596 ern
507 2536 575 2596 insit
595 2536 624 2597 la
645 2538 713 2598 riva
734 2534 784 2597 del
806 2536 907 2609 fiume,
931 2545 962 2595 et
981 2534 1059 2594 deva
1082 2544 1113 2594 et
1134 2534 1194 2594 im-

96 2615 217 2696 pediva
240 2617 268 2677 el
288 2638 373 2697 passo
392 2642 409 2678 a
429 2620 523 2701 quelli
539 2618 597 2680 cho
614 2620 735 2681 intrava
755 2616 975 2699 inHungeria3
998 2627 1030 2677 et
1049 2636 1112 2676 non
1133 2636 1193 2699 po.

95 2698 208 2759 dendo
245 2700 401 2763 offendere
430 2701 458 2762 el
487 2702 634 2779 castello,
666 2723 699 2763 ne
717 2700 808 2775 levo,
836 2711 867 2761 et
885 2700 1040 2761 tornando
1062 2698 1195 2760 eombntl

96 2803 163 2842 uno
189 2780 266 2843 delli
288 2783 359 2845 altri
380 2785 505 2846 castelli.
547 2786 590 2846 Et
611 2804 672 2847 non
694 2782 830 2844 volendo
851 2784 1009 2855 moderate,
1031 2782 1053 2841 li
1075 2781 1194 2843 homini

95 2864 181 2925 delle
204 2864 282 2927 ville
302 2867 518 2929 circumvicine
547 2888 580 2929 se
610 2866 775 2929 rediisseno
795 2888 854 2926 con
875 2864 904 2925 le
923 2886 978 2926 sne
998 2864 1132 2947 famiglie
1152 2864 1194 2926 nd

94 2970 160 3009 une
184 2959 279 3009 centn
300 2949 367 3008 forn
389 2949 438 3009 del
459 2950 598 3027 castello,
633 2952 716 3011 intro
740 2951 767 3009 ln
790 2951 865 3031 qnol
883 2960 970 3008 centn
994 2946 1071 3007 salvi
1093 2968 1124 3007 se
1144 2957 1193 3009 tn·

93 3034 241 3109 nirano,
281 3032 431 3093 nnoorche
468 3054 529 3093 non
564 3034 641 3095 losse
660 3043 760 3093 tanto.
779 3032 856 3091 sorte
876 3040 993 3111 quanto
1013 3051 1065 3091 ern
1088 3028 1118 3091 el
1138 3051 1194 3091 oa·

92 3113 205 3175 stello.
255 3114 306 3173 Mn
327 3113 356 3175 el
372 3114 507 3176 barbaro
540 3116 681 3197 speriuro
701 3136 757 3175 oon
778 3124 969 3175 sacramento
990 3112 1011 3172 li
1031 3132 1142 3193 prese,
1161 3124 1194 3176 et

93 3218 159 3278 per
181 3197 303 3259 schlavi
337 3198 409 3257 tutti
437 3197 458 3257 li
492 3198 583 3258 meno
613 3198 645 3257 in
666 3196 800 3279 Sophia,
827 3198 908 3257 onde
938 3198 1051 3278 partito
1078 3217 1139 3255 con
1161 3194 1193 3256 le

93 3280 203 3361 preda
225 3279 320 3341 torno
341 3281 373 3339 in
392 3279 607 3361 Andrinopoli.
628 3279 786 3341 Partendo
800 3281 943 3360 adunque
961 3280 990 3338 la
1010 3278 1109 3358 predo
1130 3299 1192 3339 eon
1219 3332 1229 3347 ,

95 3364 202 3444 quelli
226 3361 284 3422 ohe
305 3384 360 3422 non
384 3365 427 3425 lui
449 3362 544 3423 havea
564 3364 723 3437 meritam,
759 3362 905 3423 donando
926 3383 945 3422 a
989 3360 1060 3421 uelli
1085 3363 1113 3421 ln
1134 3364 1193 3421 rni-

94 3448 150 3524 tn,
174 3445 284 3507 l'nltrn
303 3446 377 3507 mitt
397 3456 525 3507 retenne
542 3466 598 3527 per
617 3466 658 3509 se.
702 3445 745 3505 La
765 3466 822 3505 sna
840 3444 938 3523 mitlt,
958 3466 976 3504 c
999 3464 1017 3503 e
1034 3444 1068 3504 fo
1089 3444 1193 3504 homi·

93 3532 129 3587 ni
157 3549 228 3589 con
250 3527 278 3586 le
298 3548 351 3589 sne
378 3529 521 3611 mogliere
544 3530 623 3589 circa
644 3538 796 3612 quaranta
815 3526 914 3602 milia,
938 3526 1057 3587 mnndo‘
1072 3525 1112 3585 od
1133 3526 1191 3586 hn-

93 3610 186 3671 brtar
213 3608 245 3669 le
267 3609 338 3670 ville
362 3612 418 3671 ohe
440 3615 546 3673 ineeno
571 3612 696 3673 intorno
721 3632 739 3670 a
759 3608 1034 3691 Constantinopoli.
1086 3607 1191 3689 Dapol

91 3690 291 3775 pertendere
311 3696 338 3753 el
353 3694 451 3756 ducha
470 3696 509 3754 dn
526 3692 729 3777 Andrinopoli
750 3692 833 3755 nodo
852 3693 893 3755 nd
911 3690 1189 3771 Constantinopoli,

92 3776 223 3857 perche
245 3776 371 3837 essendo
399 3780 430 3837 in
458 3776 646 3859 Philipopnli
677 3776 850 3838 conmandlt
868 3776 926 3837 ohe
945 3776 1061 3837 sonnino
1084 3772 1192 3835 redifi.

91 3863 158 3920 ceti
183 3859 210 3919 li
234 3862 316 3918 muri
337 3860 439 3919 cndnti
459 3860 539 3921 della
560 3860 628 3921 ent.
668 3859 799 3921 Trovoli
819 3859 965 3941 adunque
985 3858 1062 3917 bene
1075 3858 1192 3917 instau-

92 3946 186 4016 rati,
214 3960 303 4001 come
323 3964 354 4001 se
372 3944 482 4011 doven.
526 3943 647 4004 Venuto
666 3942 697 4001 in
716 3942 745 4003 ln
765 3942 903 4004 eitofeee
920 3960 1056 4001 mesurnr
1076 3937 1106 3999 ln
1126 3949 1191 4000 ter·

93 4047 145 4097 rn,
173 4031 212 4085 et
236 4022 267 4083 in
282 4046 365 4085 mezo
379 4022 408 4085 ln
430 4026 490 4086 citt
504 4026 567 4087 fece
589 4026 764 4087 circumdor
785 4038 817 4087 et
836 4025 966 4084 fabricae
989 4043 1050 4082 nna
1070 4022 1190 4083 cortino

92 4110 137 4168 de
156 4126 261 4168 muro
291 4108 322 4167 in
352 4108 490 4183 ceronio,
523 4108 701 4189 prendendo
730 4119 818 4169 tento
845 4108 945 4201 spatio
972 4116 1087 4187 quanto
1114 4126 1190 4187 cape

92 4202 173 4251 octo
206 4190 321 4267 stadie,
347 4202 378 4253 et
400 4191 507 4251 dentro
528 4192 590 4252 lece
611 4192 757 4252 fabricare
773 4188 900 4271 polotri,
922 4198 953 4249 et
970 4188 1131 4269 colioprire
1150 4190 1248 4249 delio

92 4275 188 4336 lame
212 4270 254 4332 de
272 4276 420 4356 piombo‚
443 4274 472 4336 le
491 4275 581 4357 quale
600 4275 711 4336 forono
729 4272 805 4335 tolte
822 4273 883 4333 dati
902 4272 1098 4349 monasterii,
1115 4293 1190 4355 per·

218 4386 320 4445 Duces.
1021 4389 1055 4442 ³2
