3075 4825
466 313 523 381 an
551 313 643 382 cac.
673 319 713 382 rr.
742 317 891 384 uorsa.
1126 288 1210 378 535

133 476 297 572 Greporaa
318 457 500 552 easdemque
518 467 648 533 dltloncs
670 469 821 534 attribuit.
863 469 1062 543 Leanclavius
1080 471 1112 534 ia
1126 471 1213 534 Paa-

132 558 228 620 dectrs
256 555 404 618 historiae
430 553 580 614 'l'urcicae
598 573 698 613 vnum.
727 555 761 616 ali
779 554 871 618 duces
891 555 963 616 istos
980 555 1069 616 aliter
1087 575 1213 618 enume-

132 651 197 714 rat,
225 640 270 702 ita
291 647 327 700 ut
350 638 382 699 in
410 645 496 697 tants
514 639 664 698 varietate
684 646 846 698 auctorum
865 639 988 698 nomina
1010 636 1061 700 illa
1082 638 1212 701 ducum-

132 743 194 806 qns
213 734 358 784 numerus
378 722 411 782 in
430 722 547 780 incerto
566 719 753 801 aliquatenus
773 731 929 796 maneant,
950 721 1042 782 Asiae
1059 731 1138 782 statu
1162 725 1212 783 in·

131 805 223 866 terim
255 806 365 868 misero
391 801 571 886 imperiique
606 803 775 863 vastatione
809 825 872 886 pro
907 803 1069 885 compertis
1089 803 1212 868 babilis.

132 889 295 950 Centscus.
318 885 370 949 ha
392 909 421 947 c.
444 907 485 970 29
504 884 605 947 Atiuis
625 884 812 948 sireAetinis
831 885 907 948 lilios
928 889 971 948 ait
990 886 1082 948 fnisse
1103 883 1210 968 Χετῆρ

130 964 342 1050 sal‘Apatip,
364 969 480 1048 idest,
506 967 664 1032 Cheterera
690 977 718 1028 et
740 967 934 1032 liomnrinm.
976 969 1118 1033 Carasern
1136 990 1212 1033 vero

129 1054 284 1139 Phrygiae
304 1053 445 1135 regulum
467 1050 561 1112 tradit
580 1052 635 1112 lib.
660 1051 723 1113 Sc.
746 1054 801 1113 lia.
851 1066 855 1076 ·
1009 1053 1014 1062 ’

212 1135 251 1198 P.
265 1137 311 1214 ri,
322 1153 371 1196 aa.
386 1133 546 1214 Moysdais
555 1131 636 1213 s’ncp
637 1129 727 1216 χίας]
743 1133 841 1197 Valde
853 1133 1014 1218 probabile
1028 1144 1072 1196 est
1086 1133 1210 1215 Magedi

127 1217 177 1279 rel
189 1219 303 1302 Magidi
329 1218 551 1301 praefecturam
571 1215 621 1278 lric
641 1217 763 1291 vocari,
784 1239 862 1300 quae
879 1220 911 1278 in
930 1237 988 1280 ms.
1004 1217 1115 1280 Notitia
1136 1219 1214 1302 Epi·

126 1313 311 1384 scopatuum
412 1301 588 1362 dioeceseos
608 1299 663 1362 suh
680 1299 827 1364 Sardium
845 1302 1039 1382 metropolita
1062 1302 1173 1386 legitur
1194 1298 1214 1362 ό

126 1384 232 1446 §aas
250 1303 507 1466 irasqliiiyatoo.
523 1383 594 1444 'sub
614 1383 723 1467 Sylaco
741 1386 836 1446 etiarn
854 1387 920 1446 sive
939 1384 984 1448 Pe
1039 1403 1077 1446 eo
1098 1396 1212 1448 metro·

125 1467 225 1549 polita
253 1466 451 1551 Pamphyliae
479 1466 628 1528 secundas
658 1465 791 1528 habetur
810 1469 843 1528 in
864 1466 971 1530 eadem
1023 1467 1110 1528 otitia
1133 1467 1213 1530 Mn·

124 1544 229 1628 ρόόυυ
250 1550 477 1634 Episcopatus,
506 1549 612 1611 sedin
633 1547 694 1609 alio
716 1548 876 1632 exemplari
896 1551 1004 1632 legitur
1021 1544 1210 1630 Μαγόόου,

125 1653 206 1773 :im
227 1633 267 1695 ab
285 1633 343 1696 alia
367 1624 482 1696 differt.
517 1631 593 1694 haec
615 1632 745 1693 secunda
765 1635 846 1694 forte
864 1634 916 1694 illa
938 1644 984 1694 est
1005 1653 1099 1716 quam
1120 1634 1211 1716 Nagi-

146 1734 187 1776 on
209 1716 342 1798 appellat
360 1717 586 1794 leunclavius,
606 1725 637 1776 et
658 1715 752 1776 Tarci
772 1716 883 1799 Nigde.
928 1717 1095 1799 Magydum
1116 1716 1212 1780 habet

125 1797 157 1858 in
179 1799 360 1886 Pamphylia
379 1794 547 1862 Ptolemaei
567 1800 733 1877 interpres,
768 1809 866 1860 textas
889 1801 1023 1861 Graecus
1042 1794 1209 1879 μότυλον,

123 1899 187 1942 non
211 1881 301 1967 longe
324 1903 341 1943 s
362 1881 459 1945 Cestri
480 1882 567 1944 fluvii
595 1883 689 1942 ostiis.
734 1883 869 1962 Nagidos
898 1903 962 1944 non
993 1882 1084 1943 habet
1104 1883 1211 1946 Ptole·
1327 1944 1337 1968 ,

123 1985 240 2027 maeus.
289 1963 459 2046 Stephanus
490 1965 531 2026 da'
551 1963 681 2026 urbibus
705 1957 846 2044 Νόγιόυς
867 1960 957 2037 πόλις
971 1958 1089 2042 puniri
1112 1965 1211 2026 Κιλι-

122 2045 195 2118 κίας
220 2041 275 2108 καί
293 2045 513 2130 Παμφυλίας,
547 2047 600 2108 nbi
630 2049 702 2109 citat
736 2049 930 2109 Hecataeum.
964 2059 1072 2130 estque
1101 2047 1210 2107 eadem

116 2147 194 2191 cum
217 2131 343 2215 Matylo.
393 2131 590 2193 Casaubonns
615 2129 647 2190 in
670 2129 857 2192 Strabonem
877 2129 932 2192 lib.
959 2130 997 2205 ¹4
1015 2131 1046 2190 in
1066 2129 1114 2190 his
1133 2151 1209 2190 ver.

122 2210 176 2356 bi}
189 2212 282 2356 mim
304 2212 347 2273 δι’
367 2203 575 2294 ἕστίἎγιόος
595 2211 686 2285 πόλις
706 2233 741 2274 ex
763 2213 922 2295 Stephano
943 2213 1071 2296 corrigit
1090 2222 1121 2275 at
1135 2205 1209 2275 Nai-

88 2327 89 2330 *
174 2313 191 2356 o
279 2298 313 2357 it.

120 2315 142 2374 7
193 2313 295 2458 ‘fligi
308 2397 357 2441 aa.
369 2375 432 2439 όπό
442 2365 577 2463 hisacii]
591 2377 686 2441 Assns
696 2376 770 2439 urbs
781 2376 821 2441 ad
831 2377 1050 2463 Propontidem
1059 2375 1209 2440 iniittora

120 2459 271 2539 Asiatico,
317 2462 508 2525 uamStrabo
522 2462 578 2525 lib.
595 2462 656 2524 rba
674 2460 895 2545 Methymnaeis
913 2462 1068 2525 conditam
1088 2460 1206 2539 scribit,

118 2552 196 2607 teste
218 2483 368 2628 Myrsilus
399 2545 481 2627 φησί
499 2542 535 2606 dd
551 2538 721 2625 Μυρσίλος
745 2541 972 2626 Μηθυμναίων
989 2541 1106 2621 islone
1127 2536 1210 2605 siras

118 2622 176 2705 sris
191 2624 321 2691 Ἀσσόυ.
363 2628 534 2710 Stephanus
552 2629 592 2689 de
611 2626 739 2691 urbibus
760 2629 836 2689 duas
850 2628 1035 2702 iacitAsscs,
1057 2643 1152 2687 unam
1173 2629 1207 2687 in

120 2709 213 2793 Lycia
233 2710 364 2791 πλησίον
384 2706 544 2793 Ἆτόρυης,
559 2712 686 2773 alteram
709 2711 742 2773 io
754 2711 884 2773 Aeolide
901 2712 939 2771 ad
962 2712 1207 2793 Hellespontum.

119 2790 171 2855 hic
199 2794 302 2855 obiter
330 2794 506 2856 notabimus
534 2794 723 2877 Stephanum
750 2814 886 2871 errasse,
914 2793 990 2855 dum
1009 2796 1102 2854 Assos
1130 2793 1209 2854 duas

118 2873 190 2938 lacit
219 2877 413 2959 primamque
444 2878 476 2939 in
498 2877 592 2961 Lycia
613 2877 742 2940 collocat
760 2880 896 2940 Atarnae
914 2880 1066 2954 vicinam,
1088 2876 1120 2937 in
1142 2876 1208 2959 ay-

116 2958 163 3020 cia
193 2960 345 3043 siqnidem
378 2960 497 3021 Atarna
522 2965 578 3023 sita
598 2974 663 3022 non
697 2970 763 3039 est,
784 2968 820 3021 n‘t
843 2963 910 3044 ipse
939 2961 1067 3030 scriblt,
1100 2957 1205 3019 sedin

117 3042 236 3125 Mysiae
256 3053 288 3104 et
306 3042 422 3125 Lydiae
442 3042 564 3118 linibus,
585 3033 726 3125 'Atdpaa
746 3040 837 3117 πόλις
856 3040 978 3121 μεταξὺ
997 3039 1132 3115 Μυσίας
1150 3038 1208 3102 καί

117 3125 259 3197 Λυδίας.
300 3126 413 3186 Strabo
441 3146 567 3209 quoque
589 3126 645 3188 lib.
669 3128 704 3189 15
727 3127 894 3187 Atarneam
915 3126 1011 3187 babet
1029 3144 1128 3209 paupe
1147 3126 1206 3185 As·

115 3226 200 3287 sum3
224 3228 281 3270 nec
300 3210 365 3291 ipse
385 3225 443 3271 nec
463 3208 659 3271 Ptolemaeus
678 3212 788 3271 Assum
813 3212 846 3271 ia
869 3210 963 3293 Lycia
984 3218 1117 3293 panum.
1139 3207 1204 3267 llo..

115 3290 185 3352 titia
204 3292 319 3373 Episco
342 3301 449 3353 aluum
466 3292 524 3352 sab
550 3290 666 3353 throno
687 3292 995 3377 constantinopoleos
1015 3291 1109 3353 hahet
1126 3286 1204 3353 Ἆσ·

115 3368 173 3435 ods
192 3374 252 3437 sub
269 3312 424 3457 Ephesiae
453 3372 665 3479 metropolita.
1248 3415 1254 3430 ,

117 3476 120 3482 ·
200 3456 238 3519 Ρ.
251 3455 297 3536 τό,
309 3460 340 3527 5.
352 3454 433 3538 patri
446 3456 483 3519 dd
493 3452 548 3536 τόν
565 3448 758 3539 Αυόρόνικυυ
772 3454 957 3535 ἐβασίλευσε
970 3449 1121 3538 Mamas]
1144 3452 1242 3518 Hictl.
1256 3466 1306 3520 solt

115 3548 223 3600 auctor
244 3550 346 3603 noster
375 3540 454 3603 male
476 3560 514 3602 ac
535 3562 700 3623 perperam
722 3540 832 3602 scribit
851 3541 1033 3603 Michaelem
1052 3542 1083 3599 in
1106 3539 1204 3618 impe-

113 3624 163 3680 rio
181 3623 360 3687 successisse
380 3623 562 3687 Andronico
581 3626 679 3706 patri:
702 3623 791 3685 simul
813 3644 946 3708 namque
964 3633 1052 3707 pater
1071 3631 1102 3681 ct
1122 3620 1203 3681 lilius

115 3715 303 3787 regnandum
327 3718 358 3769 et
378 3706 509 3769 Michael
530 3722 610 3768 anno
631 3708 735 3791 6829,
760 3706 876 3768 Christi
902 3709 999 3779 1320,
1021 3703 1136 3768 Octob.
1152 3721 1201 3765 ra.

114 3786 165 3847 die
188 3788 342 3853 dominica
362 3798 433 3853 ante
458 3800 581 3873 patrem
604 3791 696 3865 obiit,
722 3800 849 3873 accepto
867 3789 1101 3851 ¹I'hessalonicae
1120 3806 1203 3845 nnn-

115 3869 164 3931 cio
184 3871 357 3934 Meneclem
377 3874 509 3935 secundo
529 3875 665 3957 genitum
682 3870 780 3935 fllium
792 3873 833 3935 ab
846 3873 1023 3935 Andronico
1044 3880 1118 3931 natu
1133 3888 1200 3936 ma.

116 3952 199 4030 ione,
224 3973 316 4037 quem
337 3957 401 4019 eius
419 3957 515 4017 irater
534 3955 661 4019 Manuel
690 3956 723 4017 ln
744 3958 929 4029 meretricis,
950 3976 1022 4016 cnm
1042 3974 1104 4036 qua
1124 3972 1200 4013 con·

116 4050 252 4099 sueverat
273 4041 342 4117 illa,
363 4040 456 4103 domo
477 4039 665 4123 quaerebat,
684 4042 819 4101 occisum
841 4039 950 4114 luisse,
971 4036 1130 4118 numquis
1152 4053 1199 4095 es·

115 4130 160 4177 stt
183 4121 355 4186 Andronici
378 4123 519 4187 satellites
542 4127 738 4205 ignorarent,
770 4123 963 4205 rivalemqna
982 4137 1045 4181 esse
1064 4119 1201 4199 suspica·

116 4212 230 4266 tantur.
265 4208 304 4270 de
338 4208 449 4294 quibus
478 4208 638 4271 adeundus
665 4210 818 4291 Grcgaraa
851 4205 906 4267 lib.
925 4207 949 4268 ’8
979 4205 1010 4267 in
1039 4204 1201 4288 principio.
