3075 4825
317 322 402 378 210
565 318 706 383 DUCAE
730 316 948 386 urcitanus
979 313 1149 382 Naeuiis

312 470 429 552 πέμπει
450 464 552 535 αυτόν
572 463 702 551 δέσμιον
720 465 1017 547 ἐνΚαλλιουπόλει,
1040 450 1228 552 φυλακήσας
1250 454 1350 531 adsta
1371 464 1410 529 ἐν

311 572 356 658 τῷ
377 564 498 656 πόργρ,
518 566 623 653 εόράν
643 569 747 634 αἰτίαν
769 564 816 633 ότι
836 568 870 633 ἐν
889 564 1080 653 τήθάγγριζν
1097 561 1208 645 ἐμελλε
1228 561 1408 650 προδάσειν

310 664 408 733 αότόν
428 663 480 732 ότε
499 665 718 751 προωδοποίει,
736 664 793 730 καί
811 659 892 731 άλλα
909 664 979 729 τινά
999 660 1236 751 ἑρευρέματαά
1256 656 1405 727 διενόεοό

312 766 503 850 Φαδουλάχ.
542 764 677 850 ποιήσας
698 758 756 831 σόν
778 766 896 851 ἡμέρας
924 761 1043 841 πολλάς
1064 766 1099 829 ἐν
1117 766 1163 851 τῷ
1181 758 1313 853 πόργιρ,
1336 762 1390 843 ἐζ’

310 891 411 951 τηυαν
430 870 508 951 παρ’
529 864 615 956 adu}
627 863 700 943 τσός
714 863 805 942 υἱοός
822 860 923 929 αὐτοῦ
941 860 1091 950 ὁμήρους,
1110 859 1167 927 καί
1178 863 1311 943 πέμψας
1330 858 1437 948 ἔφυ-5

312 989 350 1049 ρε
373 963 429 1030 καί
456 966 637 1050 παρέδωκεν
667 959 785 1042 αότοός
820 962 868 1029 ἔτι
888 964 1039 1051 α’φήλικες
1060 955 1157 1037 ὄντες.
1200 961 1219 1025 ό
1241 963 1276 1026 δὲ
1296 960 1407 1043 λαβάν

281 1062 398 1131 castrt
429 1067 551 1130 στέλλει
575 1066 610 1129 ἐν
633 1068 672 1153 τῇ
700 1058 839 1151 άνατολή
859 1065 894 1127 ἐν
913 1063 1003 1150 Ἀσίη
1027 1064 1061 1126 ἐν
1087 1058 1210 1149 κάστριρ
1231 1062 1292 1126 τινί
1311 1059 1406 1142 Νόμ-

309 1185 406 1248 φαιον
427 1162 710 1245 ἐπονομαζόμενον,
737 1163 950 1247 παραγγειλας
972 1162 1145 1249 φυλάττειν
1166 1162 1324 1240 ἐπιμελῶς
1344 1162 1407 1221 ου’-
1523 1248 1524 1253 ¹

309 1262 363 1333 τά.
409 1260 464 1329 τόν
495 1263 531 1328 δέ
564 1260 785 1346 Δραγοόλιον,
817 1259 893 1337 δυάς
916 1257 1029 1344 όρκους
1052 1258 1108 1324 καί
1125 1257 1232 1341 λαβὼν
1251 1253 1294 1333 τός
1315 1253 1408 1322 ἔσται

310 1359 423 1438 πιστός
454 1359 517 1425 α’πό
549 1364 607 1427 τοῦ
636 1365 696 1427 νόν
715 1364 770 1426 κατ’
794 1363 845 1452 εἰς1
860 1358 895 1426 τό
917 1355 1005 1445 ἑξῆς,
1029 1358 1186 1425 άπὲλυσεν
1207 1362 1242 1423 ἐν
1263 1358 1454 1444 Βλαχίρ-το
1523 1370 1524 1443 i

311 1461 407 1547 ἔαρος
428 1463 464 1527 δέ
491 1463 670 1546 α’ρξαμένσο
697 1458 830 1547 στρατόν
865 1463 980 1544 ἐγείρει
1000 1460 1100 1541 μέγαν
1119 1460 1175 1521 καί
1196 1454 1297 1520 πολόν
1318 1452 1354 1519 ἔτ
1372 1477 1407 1519 τε
1523 1460 1524 1463 ’

152 1563 222 1617 Μ).
236 1563 418 1637 ιλδρἈσάις
439 1561 495 1626 καί
525 1559 670 1645 Θράκης,
703 1558 761 1623 καί
782 1556 863 1623 κατά
889 1561 947 1623 τοῦ
969 1552 1168 1641 Πελογράδοο
1187 1552 1404 1640 ἐστράτευσεν.

170 1634 237 1707 1¹⁶⁸·
250 1640 300 1707 ³⁴³
309 1654 349 1745 ήν
378 1661 414 1724 δέ
443 1657 477 1725 τό
500 1656 697 1744 Πελογράδω
725 1656 816 1735 πόλις
836 1659 971 1742 Σερβίας
1001 1654 1105 1741 ὀχυροὶ
1126 1652 1181 1720 καί
1202 1652 1405 1735 δυσάλωτος,

309 1756 394 1841 ἔχων
425 1755 499 1833 τοός
518 1760 685 1839 θεμελίους
706 1755 766 1823 άνά
790 1760 887 1838 μέσον
907 1756 1054 1838 ποταμῶν
1076 1755 1134 1819 δόσ
1158 1746 1350 1834 Δανοόβεάς
1371 1774 1406 1817 τε

307 1856 364 1923 καί
386 1854 487 1939 Σάβα.
509 1854 571 1941 πρό
592 1854 699 1940 ὀλίγου
721 1859 757 1922 δέ
786 1854 918 1941 αἰτήσας
937 1853 1036 1939 ου’τήν
1059 1851 1116 1939 τήν
1135 1852 1227 1918 πάλιν
1248 1852 1265 1918 ό
1288 1849 1450 1936 κρόληςιὸ

169 2020 172 2028 ,
259 1995 261 1998 -
309 1957 494 2041 Οάγγριλις,
516 1957 633 2020 δέδωκε
652 1954 732 2039 πρός
752 1954 890 2021 αέτὸνό
913 1952 1068 2037 δεσπότης
1087 1956 1118 2017 Γ
1114 1952 1243 2039 εάργιος
1251 2000 1261 2033 ,
1282 1947 1405 2035 potioni·
1523 1954 1524 1967 ¹

304 2051 535 2139 μενοςμήπας
563 2052 595 2118 οἱ
621 2058 758 2141 Τοάρκοι
778 2050 1016 2140 παραλαβόντες
1039 2048 1164 2137 ου’τήν,
1186 2050 1245 2135 τήν
1264 2053 1405 2135 περαίαν

272 2153 474 2237 Βδιαβάντες
494 2156 590 2219 ἕλωσι
614 2151 673 2230 τάς
695 2152 801 2233 πόλεις
824 2146 976 2239 Οόγγροον
997 2154 1052 2218 καί
1070 2154 1127 2217 τοῦ
1148 2148 1312 2218 δεσπότου.
1337 2147 1407 2233 ἔχει

304 2253 366 2338 γάρ
390 2253 407 2318 ό
429 2256 549 2339 Σέρβος
569 2252 604 2319 ἐν
623 2259 662 2343 τῇ
681 2256 798 2343 περαίην
828 2253 934 2328 πόλεις
955 2248 1077 2328 ἱκανάς.
1098 2247 1141 2329 σός
1163 2250 1406 2335 δυνατωτέρους

304 2352 411 2441 τοίνυν
431 2355 487 2417 καί
505 2352 771 2440 μαχιμωτέρους,
792 2350 908 2420 ἔδωκεν
929 2348 1120 2437 αδτήνπρός
1140 2346 1214 2428 τοός
1227 2343 1446 2434 &yppone-‚20

305 2450 359 2516 ἵνα
380 2452 577 2536 φυλάττωσι.
596 2457 653 2518 καί
661 2452 722 2539 γάρ
744 2453 763 2518 δ
785 2449 938 2538 δεσπότης
957 2447 1023 2536 εἶχε
1038 2447 1180 2539 περάσας
1198 2448 1255 2516 τόν
1268 2442 1402 2534 Ἴστρον,

306 2545 361 2613 ὅτε
382 2549 399 2612 ό
421 2549 564 2632 Μουράτ
594 2551 699 2636 ἐζήτει
719 2550 756 2619 τό
785 2555 985 2638 Σμίδροβον,
1006 2547 1122 2637 καλήν
1142 2545 1348 2631 ου’λτζόμενος
1368 2551 1404 2614 ἐν

304 2655 374 2724 ταῖς
396 2640 499 2712 adrat
520 2647 661 2730 πόλεσιν,
684 2647 768 2735 ἔχων
781 2651 1001 2738 φυλάσσοντας
1020 2649 1118 2717 αδτόν
1137 2649 1214 2725 τοός
1226 2643 1401 2735 Οόγγρους.

304 2869 343 2920 tit
365 2869 517 2922 Amastrin.
542 2867 687 2920 Draculius
706 2869 790 2920 etiam
807 2885 857 2939 per
880 2869 1080 2937 idemtempus
1102 2867 1306 2920 venerationem
1323 2868 1402 2920 erisi-

305 2939 414 2992 biturus
431 2941 566 2992 Morstem
586 2938 668 3003 adiit,
704 2940 732 2989 ni
758 2939 878 2992 vinetum
898 2939 967 2992 Calli
989 2940 1055 2991 olim
1075 2956 1136 2990 eum
1153 2939 1243 3002 misit,
1261 2938 1309 2990 ubi
1330 2940 1401 2991 turri

306 3009 427 3063 inclusus
454 3009 506 3061 sub
535 3009 660 3061 custodia
684 2955 842 3062 baberetur.
863 2957 1046 3062 obiiciabatur
1064 3011 1089 3061 ei
1108 3009 1240 3061 meditata
1256 3007 1402 3079 proditio,

305 3078 370 3131 dum
398 3082 428 3132 in
445 3080 609 3149 Hungariasn
635 3080 696 3130 viae
719 3078 776 3131 dux
804 3087 863 3131 est:
877 3082 932 3132 alia
960 3081 1025 3132 item
1044 3080 1072 3131 in
1094 3097 1155 3132 cuns
1173 3072 1402 3148 contingebantur

305 3150 432 3213 erimina,
452 3167 568 3220 quorum
586 3143 775 3202 Phedulacbus
795 3151 893 3204 artifex
911 3160 976 3202 erat.
996 3169 1057 3202 curn
1077 3168 1140 3202 vero
1159 3151 1319 3220 perplures
1341 3149 1400 3202 dies

304 3219 335 3270 in
351 3219 401 3270 ilio
423 3237 530 3272 carcere
549 3221 694 3272 Dracuiius
710 3221 872 3285 mansisset,
897 3221 990 3273 ambos
1007 3222 1079 3273 filios
1100 3219 1210 3272 obsides
1228 3220 1263 3272 ab
1281 3222 1333 3273 iiio
1352 3239 1401 3291 pe-

304 3291 422 3352 tierunt3
448 3306 517 3358 quos
545 3286 635 3342 adbuc
651 3291 807 3361 impuberes
828 3308 878 3360 per
900 3293 1028 3344 nuntium
1047 3293 1192 3344 accersitos
1208 3291 1334 3344 tradidit.
1353 3309 1400 3344 eos

304 3359 492 3481 Nymphaeum
510 3361 658 3430 imperator
669 3363 789 3414 Morates
806 3364 968 3416 transmittit
980 3362 1073 3434 (situm
1091 3361 1121 3413 id
1139 3364 1169 3413 iu
1178 3362 1242 3414 Asia
1260 3363 1399 3434 castrum),

303 3445 366 3481 man
387 3439 469 3500 atque
484 3439 517 3482 ut
536 3439 609 3484 arcte
627 3432 821 3486 custodiantur.
847 3441 875 3485 at
892 3435 1067 3498 Dracuiium,
1084 3441 1252 3486 sacramento
1270 3432 1399 3486 adactum

304 3509 337 3551 ut
354 3501 384 3552 in
402 3500 456 3552 fide
474 3517 547 3552 nunc
568 3511 597 3554 et
611 3502 640 3554 in
657 3513 797 3573 posterum
814 3511 946 3568 maneret,
965 3505 995 3556 in
1015 3503 1184 3557 Walaebiam
1203 3503 1315 3556 dimisit.
1335 3519 1399 3556 sere

305 3569 405 3623 deinde
422 3569 569 3623 inchoante
585 3573 706 3626 subdam
725 3573 873 3627 exercitum
892 3573 1039 3626 conscribit
1056 3575 1183 3638 Morates,
1201 3575 1231 3626 in
1248 3591 1335 3626 unum
1353 3590 1400 3625 co·

302 3641 356 3708 piis
374 3641 454 3693 Asiae
473 3650 503 3694 et
517 3641 650 3695 Thraciae
669 3645 806 3708 collectis,
825 3653 854 3697 et
870 3644 906 3697 nd
925 3645 1104 3714 belogradum
1124 3644 1233 3716 (Albam
1254 3645 1399 3766 Graes-,amp

302 3721 402 3764 movet
429 3711 498 3764 haec
520 3711 630 3765 Serviae
657 3714 721 3766 urbs
740 3724 796 3778 est,
823 3715 877 3766 situ
895 3723 956 3767 tuta
975 3732 1026 3767 nec
1050 3714 1140 3767 facilis
1168 3725 1378 3785 expugnatu‚s

303 3781 470 3836 confluentes
490 3783 606 3835 duorum
622 3784 784 3849 fluviorum,
803 3784 924 3837 Danubii
944 3794 972 3838 et
990 3787 1066 3848 Savi,
1085 3785 1204 3838 condita.
1223 3786 1294 3836 bunc
1313 3786 1398 3854 paulo

302 3859 366 3902 ante
384 3853 538 3923 Hungariae
556 3870 605 3905 rex
630 3855 684 3906 sibi
702 3865 878 3926 poposceram
899 3857 1055 3926 veritusque
1076 3855 1190 3925 despota
1209 3856 1344 3924 Georgius
1363 3871 1398 3908 ne

302 3913 385 3972 Tusci
407 3923 485 3975 illam
512 3934 678 3994 occuparent
701 3928 776 3978 etin
796 3927 949 3997 oppositam
974 3928 1059 3997 ripam
1080 3929 1187 3980 traiecti
1207 3927 1398 3994 Hungarorum

302 4003 418 4059 suasque
435 3994 533 4058 urbes,
550 4012 617 4065 quas
637 3997 667 4047 in
683 3997 822 4067 Hungaris
840 3998 940 4049 multus
958 3996 1133 4066 possidebat,
1154 4016 1184 4049 cs
1205 4007 1300 4061 ment,
1320 3997 1399 4050 Hun-

301 4059 390 4126 garis,
414 4071 446 4114 ut
471 4063 674 4134 potentioribus
697 4075 726 4119 et
743 4069 829 4136 magis
862 4067 1017 4132 bellicosis,
1045 4067 1121 4120 illam
1149 4016 1244 4120 urbem
1264 4067 1398 4120 tuendam

301 4140 477 4182 concesserat.
498 4149 553 4202 quo
570 4143 693 4206 tempore
719 4147 809 4190 autem
837 4137 1012 4190 Smedrovum
1030 4139 1148 4192 Morstes
1169 4137 1335 4204 obsidebat,
1354 4137 1398 4190 ul-

300 4203 345 4249 tra
361 4196 459 4250 istrum
478 4199 610 4275 despota,
628 4209 672 4259 cui
689 4209 773 4261 Tusci
795 4207 942 4262 admodum
962 4209 1064 4265 infensi
1082 4219 1176 4276 erant,
1193 4209 1350 4274 transierat,
1367 4215 1395 4261 et
