3075 4825
275 1068 567 1170 DUCAE
624 1068 1063 1165 HISTORIA

490 1254 835 1332 1rnolca

387 1420 697 1501 INTERPRETE
728 1419 954 1499 INCERTO.

570 1666 769 1689 Μ

121 1906 189 2000 De
211 1936 314 2001 Adam
346 1937 450 2021 primo
477 1938 594 2017 homo,
622 1938 754 2001 formato
783 1936 823 2001 da
850 1938 921 2012 dio,
947 1936 1040 2001 infine
1060 1938 1089 1999 ai
1113 1948 1215 2021 tempo
1224 1956 1364 2011 mauu,

123 2022 166 2081 de
189 2019 280 2100 Noe,
300 2019 350 2081 nei
373 2020 446 2102 quai
467 2022 499 2081 fo
515 2021 545 2081 ei
564 2021 695 2096 diluvio,
715 2042 793 2083 aooo
811 2030 891 2083 atate
911 2020 985 2083 dece
1007 2026 1294 2103 generationem

122 2102 155 2163 ia
178 2100 282 2184 prima
304 2101 631 2186 deAdam31aqual
651 2104 774 2166 deaceae
796 2102 835 2165 da
854 2103 919 2171 dio.
961 2104 1009 2165 Da
1029 2102 1080 2185 poi
1104 2105 1218 2163 doeen-

123 2195 159 2246 to
183 2196 288 2260 trenta
309 2186 380 2246 anni
399 2186 432 2247 fo
450 2184 479 2245 ia
500 2186 634 2247 reconda
654 2188 831 2268 generatim
851 2184 890 2247 de
912 2185 1008 2265 Seth,
1033 2185 1155 2247 deaceae
1178 2184 1218 2246 da

123 2267 243 2331 adam.
296 2270 395 2349 Dapoi
432 2268 563 2331 dorento
590 2270 702 2351 aioqne
724 2271 799 2331 anni
821 2266 852 2330 fo
871 2268 901 2330 ia
922 2278 1005 2329 terra
1024 2269 1220 2351 generatione

125 2352 167 2414 de
187 2352 296 2425 Eoos,
326 2352 366 2413 da
386 2350 471 2418 Seth.
510 2352 611 2435 Dapoi
637 2359 728 2414 cento
747 2362 884 2414 nonanta
913 2352 988 2414 anni
1006 2350 1039 2411 io
1059 2348 1090 2411 la
1110 2360 1221 2434 quarto

126 2436 310 2578 generatioo
332 2433 373 2496 rie
389 2435 536 2519 Cayoao,
559 2436 598 2498 da
618 2435 711 2499 Enor.
760 2423 860 2518 Dapoi
882 2447 972 2497 eeoto
993 2443 1123 2496 oenrnn
1146 2431 1222 2494 anni

138 2538 159 2578 o
192 2515 227 2580 ia
252 2519 360 2600 quinta
383 2519 559 2601 generatioo
587 2514 831 2598 temetolenti,
856 2515 896 2579 da
929 2517 1067 2600 Caynan.
1121 2515 1222 2599 Dapoi

126 2609 220 2662 eento
250 2611 375 2663 aenanta
403 2599 514 2684 niaque
532 2602 652 2663 anniso
673 2601 703 2663 ia
724 2611 807 2664 nexta
826 2601 1022 2744 generatione
1047 2597 1087 2662 de
1109 2597 1221 2674 iared,

127 2682 169 2745 da
192 2681 371 2748 Malalehei.
420 2684 522 2767 Dapoi
554 2693 645 2746 cento
673 2694 797 2746 sexanto
848 2685 877 2746 oi
897 2685 971 2744 anni
992 2683 1023 2744 fo
1043 2681 1074 2744 la
1094 2683 1224 2766 septima

128 2767 333 2847 generatione
353 2764 392 2828 de
404 2765 526 2844 Enoch,
548 2767 588 2829 da
607 2765 711 2834 iared.
752 2768 850 2849 Dapoi
870 2779 958 2829 rento
978 2778 1098 2828 sexanto
1113 2767 1224 2848 zinqoe

131 2851 208 2910 anni
229 2849 265 2912 t'o
285 2848 316 2910 la
335 2859 443 2912 octava
463 2851 644 2934 gener-atino
663 2849 703 2912 de
723 2847 938 2924 Mathusalem,
960 2849 1000 2911 da
1023 2848 1141 2914 Enoch.
1160 2849 1225 2910 Da·

127 2933 310 3077 &Lami
331 2943 567 3078 iiiiii?
585 2931 1226 3100 tttrtit0¹¹32tnt⁰ttttttt¹⁴tz

227 3059 240 3094 ,
534 3057 543 3078 0

127 3097 252 3162 decimo
271 3099 473 3182 generatione
491 3097 533 3162 de
550 3099 642 3178 Noe,
666 3099 790 3160 deaeeaa
811 3097 850 3160 da
874 3097 1020 3160 Lamech.
1040 3097 1082 3159 Et
1099 3095 1225 3159 essendo

128 3179 198 3244 Noa
218 3181 263 3245 de
285 3178 360 3243 anni
378 3192 528 3260 aexrento,
550 3180 583 3242 fo
601 3181 631 3242 ei
652 3179 775 3244 deiurio
796 3181 836 3243 de
853 3179 954 3264 l'aqua
973 3201 1062 3263 sopra
1081 3178 1111 3242 la
1130 3189 1227 3242 terra.

127 3263 163 3325 si
189 3265 252 3327 che
281 3285 315 3326 ae
345 3283 475 3326 numera
501 3265 540 3326 da
553 3263 653 3326 Ariona
672 3265 764 3325 iofioa
787 3262 817 3326 al
837 3264 954 3326 diluvio
975 3263 1048 3326 anni
1070 3261 1121 3324 doi
1142 3262 1227 3325 milia

128 3346 268 3410 docento
317 3357 446 3410 noranta
474 3345 536 3410 doi.
583 3347 627 3408 Et
652 3345 832 3410 aimilmente
850 3348 901 3410 dal
931 3343 1046 3408 diluvio
1068 3345 1159 3408 iatine
1186 3344 1227 3406 ad

129 3430 258 3494 Abram
295 3369 410 3492 iorooo
446 3427 522 3493 dere
564 3429 777 3515 generatione,
824 3429 897 3492 anni
925 3431 1008 3493 mille
1040 3429 1227 3492 centovinti-

129 3534 207 3581 uno.
253 3512 418 3575 Abraham
443 3512 555 3576 erade
582 3516 655 3575 anni
685 3521 826 3596 reptante
847 3515 971 3596 zinque,
991 3512 1115 3596 quando
1144 3509 1229 3592 parti

131 3597 173 3659 da
195 3597 439 3678 Moesopotnmia
464 3607 496 3659 et
516 3595 598 3658 ando
617 3595 658 3659 ad
674 3595 821 3658 habitare
841 3598 874 3658 in
895 3595 925 3657 la
942 3609 1027 3658 terra
1048 3591 1228 3668 Canaham

130 3679 207 3742 etii
227 3679 421 3742 demorando
447 3681 520 3741 anni
550 3681 627 3742 vinti
657 3682 787 3764 niaque,
818 3679 841 3741 li
860 3700 981 3762 necque
1012 3679 1115 3742 eltuo
1136 3673 1228 3758 figiioi

131 3763 257 3827 lsahae.
299 3761 412 3844 Eiqoai
434 3761 535 3825 habbe
564 3763 615 3824 doi
635 3761 698 3824 tioli
717 3765 801 3826 Eaan
822 3771 853 3825 et
884 3762 987 3828 laeob.
1028 3761 1072 3822 Et
1101 3755 1229 3821 aaaendo

131 3847 231 3909 iacob
253 3845 296 3906 de
314 3845 404 3907 etade
423 3844 462 3905 de
481 3846 556 3906 anni
574 3855 708 3908 oentoet
726 3857 838 3920 trenta,
862 3845 981 3907 deaceae
999 3865 1056 3906 eon
1076 3843 1087 3902 i
1109 3842 1153 3903 roi
1171 3841 1266 3910 dom

133 3929 213 3992 dere
242 3927 311 3989 fioli
343 3931 376 3988 in
403 3928 539 4011 Egiptn,
567 3938 599 3989 et
622 3947 681 3988 oon
715 3939 845 3990 aettama
871 3933 980 4010 zinqua
1010 3926 1127 3987 aevoti.
1175 3927 1229 3988 tta

133 4011 304 4076 Abraham
332 4031 390 4072 eon
417 4010 448 4071 la
470 4031 525 4072 aua
550 4011 694 4092 progenie
724 4031 811 4072 oome
831 4013 989 4073 soreatiero
1020 4006 1126 4068 habiti)
1146 4005 1178 4070 io
1198 4007 1228 4071 ia

132 4105 226 4158 terra
240 4091 390 4156 Canobon
414 4095 488 4155 anni
510 4103 712 4177 quatrooento
730 4103 836 4154 trenta
859 4093 919 4159 tre.
958 4091 1002 4152 Et
1022 4089 1229 4174 multiplican-

134 4177 178 4240 do
198 4179 231 4240 le
252 4178 451 4261 generatione
469 4176 510 4238 de
529 4177 674 4258 proganie
701 4175 731 4236 io
754 4177 922 4258 progenie,
943 4181 1030 4235 tanto
1049 4173 1078 4236 el
1099 4195 1229 4237 numero

135 4261 277 4338 orebbe,
295 4259 354 4320 che
372 4260 454 4320 sacto
473 4259 503 4320 el
523 4279 634 4335 censo,
664 4259 775 4320 torono
796 4256 980 4319 dinumerati
998 4261 1040 4320 aei
1061 4269 1151 4320 cento
1170 4259 1229 4320 nai·

136 4341 180 4405 lia
210 4343 255 4405 de
286 4340 389 4405 dodini
414 4341 499 4405 tribio
525 4341 565 4406 de
588 4341 695 4406 dodoci
725 4340 790 4405 tioli
812 4341 851 4404 de
878 4341 988 4426 laoob3
1015 4341 1046 4404 di
1066 4339 1149 4427 quali
1167 4339 1228 4402 ΧΠ

224 4489 243 4536 t
