3075 4825
258 313 343 417 412
428 352 431 359 ·
628 341 765 409 uucnn
791 340 986 409 ntsnonu

257 492 390 578 perodor
410 491 440 558 lo
459 514 532 559 cone
552 496 760 574 intcevonute,
784 508 816 561 et
838 494 942 583 quello
960 496 1019 560 che
1036 494 1120 563 dello
1137 498 1265 581 impendo
1284 518 1347 560 ouo

258 598 309 641 tue
328 579 392 639 neri
412 579 595 643 demandato
618 582 719 644 subito
740 582 779 643 de
797 602 846 643 me
867 582 936 645 eene
955 582 1087 664 exquitn.
1128 582 1250 645 decenti
1273 583 1347 643 Me-

157 668 162 673 '
258 656 402 722 'chemeth
436 660 496 725 olle
517 674 652 747 reepocta
680 664 719 727 dc
738 664 916 744 Demetrio,
946 674 979 727 et
1007 664 1106 727 nuche
1130 686 1197 727 ceco
1230 664 1348 746 ecripee

257 742 499 825 el'impenodorc,
522 744 707 831 pregandolo
727 768 784 809 con
805 745 901 809 multa
919 747 1053 810 efficacia
1074 746 1132 809 che
1151 746 1246 831 quelli
1268 768 1346 830 pro-

258 826 323 912 fugi
344 828 517 907 seducton',
537 830 685 892 turbetoni
709 830 788 893 detta
815 852 911 915 pecc,
944 829 1068 914 liquati
1088 852 1182 893 eruco
1202 851 1347 914 ommno·

257 911 286 973 ti
311 922 391 973 cotto
412 910 440 973 el
459 933 514 974 suo
536 913 576 975 im
617 915 683 989 nio,
704 913 725 974 li
744 914 860 977 volesne
881 913 956 975 dure
980 916 1012 977 iu
1034 913 1065 975 le
1083 934 1138 976 nne
1158 935 1269 991 mnne,
1290 936 1347 975 co-

258 1010 311 1055 tue
328 994 468 1057 nechiede
487 995 516 1057 lc
536 996 565 1058 fe
590 1006 673 1058 etro
695 994 761 1059 loto
782 1010 813 1060 et
841 998 870 1059 ie
891 1008 997 1062 mutue
1018 996 1220 1059 benivotentia
1242 1008 1275 1058 et
1292 1018 1347 1057 oe·

260 1076 371 1145 nitede.
410 1077 560 1141 Emoouel
577 1080 766 1162 impenudon,
788 1080 1001 1165 respondendo
1019 1079 1261 1158 nMechemeth,
1282 1080 1347 1141 coci

259 1161 385 1243 soritae.
439 1160 649 1242 Mcchctneth,
680 1182 767 1225 come
791 1174 827 1227 tu
845 1167 905 1236 eui,
929 1165 977 1225 col
1003 1162 1108 1225 debito
1127 1164 1189 1225 fine
1208 1162 1252 1224 ho
1271 1184 1348 1245 pno-

260 1264 360 1307 mcneo
379 1262 460 1305 esser
480 1254 535 1307 tuo
565 1256 664 1328 petre,
683 1256 713 1309 et
744 1257 778 1307 tu
800 1248 851 1309 coi
880 1249 1082 1309 conveniente
1103 1246 1163 1308 fine
1183 1266 1264 1309 ester
1282 1248 1348 1307 mio

262 1325 386 1409 figliolo.
436 1326 479 1389 Et
497 1346 530 1390 ce
549 1332 623 1391 tutti
642 1331 693 1390 doi
715 1327 930 1394 obscnecemo
949 1328 979 1391 le
999 1350 1072 1393 eote
1092 1349 1264 1412 promesee,
1285 1350 1347 1390 con

264 1410 317 1471 noi
339 1410 404 1473 neni
423 1406 451 1471 el
472 1412 568 1473 timor
588 1411 627 1475 de
647 1412 699 1473 dio
719 1424 749 1475 et
768 1412 799 1475 lu
825 1413 1038 1477 obtervatione
1058 1412 1097 1473 dc
1115 1410 1139 1473 ti
1157 1414 1201 1474 eoi
1221 1432 1349 1473 comeu-

264 1492 411 1559 dnmeuti.
451 1494 503 1555 Me
523 1514 557 1557 tc
577 1496 820 1579 prevecicenemo
839 1496 861 1559 li
882 1494 1125 1559 comandamenti
1147 1494 1187 1556 de
1205 1495 1276 1572 dio,
1295 1514 1349 1555 ec·
1456 1503 1457 1532 ¹

264 1596 303 1637 co
338 1574 415 1637 ch'ei
484 1586 534 1639 tre
561 1598 629 1641 cero
658 1579 789 1641 traditor
815 1579 864 1642 dei
885 1579 1018 1664 figlioto,
1047 1588 1078 1641 et
1097 1578 1128 1639 Ιο
1148 1578 1262 1661 figiioto
1279 1578 1347 1639 eet-i

265 1656 420 1721 chioutato
442 1596 593 1724 ffimicide
613 1660 663 1724 del
684 1672 781 1745 putre.
823 1665 857 1726 Io
876 1672 1052 1725 veromente
1062 1661 1231 1723 obtenturo
1252 1660 1273 1721 li
1295 1680 1348 1721 zo·
1458 1647 1459 1676 ’

265 1744 406 1805 tumenti.
455 1746 508 1805 Mu
538 1764 570 1806 se
589 1754 625 1807 tu
646 1768 709 1807 nou
741 1745 763 1809 ti
784 1748 868 1808 vomi
887 1747 1073 1825 observare,
1094 1742 1176 1805 1ἀ11ο
1196 1744 1249 1807 din
1271 1743 1351 1807 iusto

266 1824 368 1887 iudice
390 1827 486 1888 faccia
514 1827 663 1889 vendectc
681 1828 762 1891 dello
785 1828 888 1892 offeeo.
930 1834 983 1892 Mc
1003 1827 1064 1891 deli
1081 1828 1172 1909 prosu
1193 1828 1220 1907 i,
1239 1827 1270 1888 io
1291 1827 1351 1889 do-

267 1909 379 1971 mando
398 1909 436 1973 de
454 1908 576 1972 tradidi
595 1913 626 1972 in
647 1913 676 1974 ie
695 1922 748 1975 tue
773 1934 865 1975 mene
884 1934 947 1977 nou
967 1915 1044 1976 deve
1063 1920 1149 1972 ceeer'
1162 1850 1258 1973 duit·
1277 1909 1350 1971 dein

268 1992 408 2055 oeecchie
427 1995 503 2067 mie,
529 1994 640 2077 perche
658 2006 745 2057 certe
767 2006 877 2080 questu
896 2019 959 2059 uon
979 1997 1057 2060 cerie
1078 2015 1171 2078 opere
1191 1995 1290 2077 degon
1311 1992 1352 2055 do

210 2077 312 2137 noim
368 2076 408 2155 io,
435 2096 486 2138 me
505 2080 662 2160 tyrannice
684 2078 889 2161 meligcitode.
930 2080 974 2143 Et
992 2101 1025 2142 ee
1040 2078 1093 2155 io,
1113 2098 1203 2139 come
1223 2077 1355 2139 ediveno

267 2180 289 2222 n
320 2161 348 2221 te
369 2180 438 2221 cone
463 2160 611 2239 humone,
645 2161 769 2224 honeste
787 2164 925 2225 coccieto
944 2162 974 2225 el
993 2164 1055 2224 mio
1072 2160 1208 2237 fratello,
1228 2160 1259 2221 oi
1277 2158 1353 2242 quoi
1466 2219 1467 2248 ,

266 2241 1355 2413 11111“1111ἓ”ξῗέιι1“11111111ἐῗ’1111111311Ἒῖἕὶ
1467 2293 1469 2376 ῐ

267 2421 351 2474 cente
371 2433 447 2480 non.
465 2421 498 2474 et
517 2433 550 2474 ce
569 2413 643 2476 deto
663 2433 713 2476 mc
732 2410 764 2475 lo
777 2410 903 2492 hevaei,
924 2413 1030 2476 mati
1049 2420 1130 2474 etoto
1151 2409 1301 2473 truditone
1322 2419 1355 2472 et

267 2492 429 2556 micidieie.
468 2493 561 2578 Seppi
581 2495 723 2579 adunque
739 2495 798 2558 che
824 2507 931 2582 questo
951 2495 1104 2558 domando
1136 2514 1157 2556 o
1175 2504 1208 2555 te
1225 2514 1286 2577 per
1305 2513 1357 2554 nne

268 2576 330 2639 mni
362 2597 423 2636 non
454 2581 532 2638 serie
553 2597 710 2658 concesso,
733 2599 789 2663 per
815 2601 897 2641 escen
916 2600 1007 2663 eopce
1026 2579 1055 2640 el
1075 2575 1169 2640 modo
1191 2577 1304 2638 iniuett
1324 2585 1357 2636 et

269 2659 436 2723 deeoncetn.
495 2659 741 2739 Nientcdimeno,
771 2663 883 2745 perche
917 2683 992 2725 cono
1020 2681 1079 2725 con
1108 2661 1232 2724 vinculo
1251 2679 1355 2720 mccc-

269 2742 400 2805 mentoie
429 2744 607 2806 constituito
631 2747 664 2806 in
685 2743 753 2807 ioco
780 2745 820 2807 de
845 2756 900 2807 tuo
920 2757 1026 2829 petre,
1056 2755 1181 2806 etcum
1197 2762 1253 2826 pet·
1272 2740 1357 2802 i’uoo

269 2825 322 2889 dio
343 2827 427 2886 omni
450 2837 574 2905 otcnte‚
611 2826 735 2890 laudato
762 2827 794 2888 in
815 2827 846 2890 le
864 2831 968 2891 tn'nitd
989 2847 1113 2912 optento
1132 2826 1173 2890 de
1191 2828 1241 2887 noi
1261 2821 1356 2885 Chri.

269 2909 383 2986 etioni,
410 2847 486 2972 ο11ἐ1
507 2911 638 2994 profugo
658 2910 792 2973 Munera
821 2909 858 2973 e'l
888 2933 946 2974 eno
968 2931 1139 2994 compngno
1161 2907 1270 2971 Zennit
1293 2927 1357 2969 nou

270 2992 366 3056 murt
398 2991 478 3055 delle
495 3015 627 3076 pnexou3
648 2993 705 3056 che
726 2993 834 3056 cederi
852 2993 883 3056 el
902 2996 1013 3058 ducato
1033 3006 1064 3056 et
1082 2990 1143 3056 ello
1162 2993 1226 3054 vito
1245 2990 1357 3050 hum

270 3097 323 3142 ne.
365 3075 406 3137 Et
425 3097 458 3138 ee
477 3087 586 3158 questo
603 3099 666 3140 non
687 3088 718 3139 te
738 3076 871 3160 ngrndn,
893 3079 923 3139 fo
944 3078 981 3140 zo
1000 3078 1058 3140 che
1076 3085 1110 3138 tu
1134 3072 1207 3138 voli.
1249 3073 1280 3134 A
1294 3073 1359 3135 De·

271 3159 380 3222 mettio
400 3159 550 3222 Lcouduri
570 3184 627 3244 per
643 3182 696 3224 sue
717 3163 824 3222 lettere
846 3161 997 3222 comendo
1016 3161 1074 3223 che
1091 3158 1221 3234 cubito,
1241 3156 1316 3217 tecti
1336 3153 1359 3217 11

270 3243 318 3306 toi
346 3241 610 3317 comandamenti,
642 3245 723 3306 saecu
755 3252 885 3306 mettere
919 3246 951 3304 io
982 3264 1044 3305 une
1075 3240 1154 3324 golia
1173 3240 1308 3301 Munus·
1329 3247 1362 3300 et

272 3326 379 3388 chait
396 3345 454 3386 con
475 3323 497 3386 11
518 3329 563 3389 eoi
583 3330 716 3411 sequaci,
741 3339 772 3388 ct
793 3329 1004 3388 incontinente
1020 3327 1042 3388 li
1062 3323 1221 3387 mandente
1239 3343 1258 3383 n
1275 3321 1361 3384 Gon-

272 3407 469 3489 tteutinopoli
503 3431 521 3470 o
545 3408 574 3472 la
605 3432 660 3473 oua
692 3411 864 3492 presentia,
898 3410 1019 3471 ctione
1048 3407 1098 3471 dei
1117 3427 1174 3469 eoo
1193 3405 1361 3467 comendo-

273 3506 378 3555 mento
398 3513 462 3552 non
494 3493 615 3555 facesse.
670 3492 861 3556 Mechemeth
882 3503 1054 3554 veromente
1077 3489 1262 3572 ripenseudo
1281 3486 1362 3550 colle

274 3575 403 3639 sollicito
426 3587 526 3638 mente
556 3575 674 3638 iocose
701 3577 759 3639 che
778 3575 898 3658 poterin
916 3577 1059 3674 nequire,
1082 3586 1113 3636 et
1133 3573 1191 3634 che
1209 3570 1283 3632 delo
1303 3573 1361 3631 im·

274 3660 423 3742 penodoce
454 3659 665 3720 leeictumcnte
690 3661 814 3744 podet-io
843 3679 924 3721 essen
958 3669 1127 3741 nugonoto,
1159 3675 1223 3717 uon
1242 3653 1361 3736 podem

274 3747 423 3828 ripocare.
464 3743 517 3804 Mn
533 3742 674 3806 havendo
692 3747 789 3806 inteso
809 3741 841 3806 le
862 3744 966 3823 parole
987 3740 1143 3822 imperiale
1155 3759 1214 3800 con
1226 3736 1363 3799 eoiemno

273 3839 462 3892 auctomento
493 3827 643 3904 fermete,
672 3825 729 3888 che
761 3825 892 3887 Mustofa
926 3824 1071 3887 eZennit
1100 3823 1161 3884 tine
1189 3820 1243 3890 elii
1262 3817 1363 3881 ultimi

273 3915 394 3973 termini
417 3911 499 3974 dcilu
532 3910 585 3972 lor
605 3911 668 3970 vitu
689 3929 752 3970 non
771 3912 892 3970 ceriano
915 3909 982 3969 fore
1004 3907 1084 3968 delie
1103 3926 1257 3989 pmcne,
1279 3901 1362 3964 nectit

271 3993 312 4056 de
342 3993 485 4056 molestor
506 3992 676 4066 Solonichi.
719 3993 761 4054 Et
793 3993 905 4075 partito
927 3991 966 4052 de
987 3990 1010 4050 11
1029 4011 1131 4051 venne
1149 3991 1183 4049 in
1205 3985 1364 4048 Andrioo·

272 4078 357 4161 poli,
395 4077 598 4139 desconcendo
632 4075 663 4137 lo
684 4086 785 4136 mente
813 4073 887 4137 detti
916 4075 1014 4135 umori
1049 4071 1195 4156 pensieri,
1222 4071 1257 4130 in
1290 4087 1365 4150 pecc

217 4159 429 4236 121coutoluto
457 4162 545 4226 visse.
588 4161 745 4220 nemenio
767 4157 923 4219 Leondori
946 4158 1082 4218 necundo
1103 4156 1133 4216 lo
1153 4151 1292 4234 impet-ini
1313 4169 1365 4209 co·

274 4241 490 4306 mandamento
513 4243 598 4303 ormo
621 4263 681 4305 uuo
700 4241 800 4324 gulia,
821 4244 854 4302 in
874 4238 904 4302 lo
924 4241 996 4321 quoi
1017 4262 1090 4322 poso
1109 4236 1243 4301 Mentesa
1265 4243 1296 4296 et
1308 4231 1364 4294 zo
