3075 4825
433 356 491 418 ao
520 347 611 418 car.
639 353 709 415 ra.
737 351 887 418 roras.
1126 323 1209 439 547

132 507 179 570 sit.
200 505 341 568 mccesslt
361 505 406 568 illl
426 505 568 567 Uroscas
591 505 699 568 unicas
718 503 813 587 illics,
832 504 888 588 qai
909 505 1069 600 imperinm
1092 501 1214 588 ignaria

133 591 252 668 amisit,
283 593 395 671 avique
421 589 504 650 diras
531 599 562 649 et
580 589 814 670 imprecationes
833 592 867 650 ia
888 589 985 650 liliam
1004 608 1130 670 erasque
1151 609 1213 670 po.

132 683 228 734 steros
250 674 374 733 iactatas
394 682 533 754 arpertus
562 683 614 732 est.
636 693 730 752 supra
754 671 932 734 notavimus
952 673 1103 732 Lazarum
1122 671 1214 734 Vulci

132 755 227 816 liliam
248 755 368 818 Urosco
385 757 644 836 partcmiarperii
668 754 788 838 paterni
810 755 967 816 ademisse.
1008 755 1214 816 MaamsOr.

134 838 225 899 binus
249 838 281 898 in
302 839 371 902 hist.
392 839 431 900 de
451 854 546 920 regno
558 836 734 903 slavorum.
750 837 822 900 ride
843 839 935 900 etiam
954 837 995 899 ad
1017 837 1216 920 capotXXX

129 922 222 982 iniret.

215 1003 255 1064 P.
281 1000 332 1073 28,
355 1000 384 1064 5.
426 1004 497 1084 Cap.
521 1025 551 1086 7.
593 995 828 1085 συλλήπτορας]
852 1002 959 1075 idest,
983 997 1217 1080 συναγωνιστὰς

133 1085 179 1147 ita
198 1096 235 1146 ut
255 1085 362 1146 foedus
390 1083 472 1146 inter
501 1107 556 1148 eos
575 1085 797 1161 intercederet,
827 1095 891 1146 tam
913 1085 952 1146 ad
970 1083 1217 1165 propulsandum

133 1189 234 1253 qoam·
250 1167 447 1228 inferendum
468 1169 582 1231 bellum
603 1167 716 1228 iunctis
737 1185 860 1247 semper
878 1165 968 1229 simol
989 1167 1121 1234 viribus.

193 1327 196 1334 1
217 1250 257 1312 Ρ.
269 1249 319 1310 α8.
335 1251 382 1315 ι8.
396 1252 450 1330 τῆς
458 1244 568 1311 Ῥόδου
580 1247 718 1333 optatos]
736 1250 863 1311 lacobus
872 1251 975 1313 Rosius
989 1253 1041 1334 qui
1056 1250 1218 1312 historiam

132 1332 293 1415 religionis
314 1343 344 1392 et
362 1331 489 1394 militiae
508 1335 538 1395 S.
562 1335 705 1396 iohannis
723 1333 994 1416 Hierosolymitani
1017 1335 1122 1396 ltaliae
1141 1335 1315 1399 scri-Raso

130 1417 213 1498 psit,
243 1415 405 1498 Smyrnam
432 1437 449 1477 a
481 1415 643 1477 foederatis
673 1425 797 1496 ceptam
831 1418 874 1477 ait
894 1439 977 1478 anno
997 1416 1111 1477 Christi
1130 1415 1217 1496 1344.

131 1499 187 1560 sed
209 1498 250 1558 de
269 1509 371 1559 castro
392 1499 548 1563 aedificato
576 1500 692 1561 nullam
715 1499 903 1561 mentionem
923 1501 1004 1562 facit.
1027 1509 1109 1561 recta
1129 1499 1218 1582 eqni-

132 1581 206 1643 dem
227 1584 368 1642 convenit
389 1581 464 1644 haec
484 1583 632 1663 temporis
656 1591 727 1642 dota
753 1600 823 1643 cnm
844 1582 905 1645 illis
927 1604 1007 1668 quse
1027 1602 1045 1643 a
1067 1584 1219 1643 &arsen-

132 1685 210 1724 zeno
234 1677 419 1744 narrantur3
450 1685 522 1725 nam
541 1665 614 1726 belli
635 1663 734 1726 civilis
756 1665 849 1728 huius
869 1669 956 1728 initio
979 1667 1101 1727 Homur
1120 1666 1219 1747 Didy-

132 1747 332 1808 mctoechum
353 1749 462 1809 venit'
490 1749 579 1810 Bosio
600 1747 749 1810 consentit
769 1749 933 1810 Cantacuz.
965 1747 1019 1811 lib.
1042 1750 1060 1809 5
1079 1771 1146 1830 cap.
1163 1748 1216 1821 68,
1241 1784 1245 1792 ι

134 1839 167 1892 ct
191 1851 210 1891 a
233 1829 360 1891 Rhcdris
392 1829 545 1913 equitibus
571 1832 697 1912 aliisque
727 1830 800 1892 belli
821 1832 946 1894 foedere
965 1831 1144 1893 consociatis
1167 1851 1221 1892 ca·

133 1922 225 1994 ptam
245 1913 409 2012 Smyrnam
427 1914 531 1978 tradit.
551 1911 690 1995 τριήρεις
708 1908 772 1993 γὰρ
794 1912 943 1993 τέτταρες
963 1911 1019 1974 soi
1035 1908 1134 1974 εἴκοσι
1146 1915 1220 1974 Λα·

130 1989 257 2057 τινικαὶ
278 1989 345 2056 tas
360 1992 491 2056 Ῥοδίων
509 1993 566 2057 καί
582 2017 675 2058 τινων
694 1988 812 2076 ἑτέρων
833 1995 1127 2076 παρεσκευασμέναι
1146 1993 1220 2055 ἐπέ·

132 2079 278 2138 πλευσαν
297 2074 337 2156 ιη’
357 2074 508 2158 Σμύρνη,
530 2074 586 2139 arci
607 2075 643 2139 τὸ
667 2073 748 2156 πρὸς
764 2075 811 2162 τῷ
830 2077 932 2155 λιμένι
952 2074 1107 2160 φρούριον
1126 2068 1220 2154 εἷλον,

130 2155 191 2220 καὶ
211 2159 288 2231 rods
307 2137 480 2240 lataaqsai
498 2151 555 2221 otia
575 2155 681 2240 ὀλίγας
692 2156 866 2240 Περσικὰς.
906 2155 1033 2240 Ἀμούρ
1054 2158 1090 2219 dd
1110 2155 1222 2236 παρών

133 2241 195 2302 καὶ
226 2234 423 2320 ἀμυνόμενος
457 2238 515 2304 cala
537 2238 630 2322 ἴσχυε
653 2243 873 2322 περιγενέσθαι
892 2241 949 2320 τῆς
969 2240 1144 2320 Λατινικῆς
1164 2239 1222 2300 dv-

133 2319 274 2400 νάμιως.
292 2326 433 2386 triremes
454 2323 493 2404 si
512 2324 640 2387 haeae
659 2324 847 2386 Rhodiorum
880 2327 1012 2410 eqm'tum
1033 2319 1224 2403 aliorcmqroe

133 2407 304 2487 Satyrum
333 2409 404 2469 berre
433 2414 594 2471 imtrcrctae
617 2409 766 2495 appulsae
798 2420 888 2485 ιιαιι,
921 2407 1011 2469 etad
1032 2409 1070 2467 iis
1089 2420 1224 2467 casuum

126 2492 238 2575 portui
257 2491 429 2574 impositum
456 2506 633 2575 occupatam,
660 2506 816 2575 naresque
838 2484 992 2577 pharisae
1012 2490 1150 2551 Persicae
1170 2491 1222 2547 ia.

130 2574 320 2641 ammas.
337 2594 399 2659 quo
425 2592 492 2636 cum
519 2579 687 2636 acccsa'ssst
706 2570 830 2635 Hamas·
845 2588 877 2634 et
889 2590 949 2657 pm
967 2572 1081 2633 vin'brn
1100 2572 1223 2631 Latinos

130 2671 339 2741 oppugnaret,
360 2658 437 2744 ι’ριοι
458 2679 602 2740 amquam
626 2678 765 2741 asperare
781 2658 892 2740 potnit.
913 2656 1070 2717 manifeste
1090 2654 1148 2715 sihi
1167 2654 1223 2714 ed·

131 2746 304 2801 versantur
323 2736 425 2801 Duces
454 2750 560 2801 noster
581 2750 615 2803 et
635 2742 882 2801 Cantacusenas:
902 2756 974 2798 nam
992 2740 1019 2799 si
1040 2758 1118 2821 quae
1140 2738 1223 2797 Can·

131 2832 303 2883 tacuaenus
321 2834 429 2883 namet
448 2844 521 2885 vcra
541 2833 634 2902 suat,
663 2834 734 2906 post
754 2820 917 2905 Smyrnam
936 2821 1050 2882 scilicet
1068 2840 1087 2880 a
1107 2820 1223 2880 Latinis

131 2914 323 2987 occupatam
336 2904 504 2967 Homurem
524 2928 592 2969 eam
613 2926 788 2989 expugnare
808 2906 924 2967 frustra
942 2905 1115 2978 tentavisse,
1141 2903 1223 2963 Can-

129 3000 283 3051 sammaa
311 2986 422 3049 deinde
454 2992 608 3071 suppetias
635 2990 774 3051 laturum
805 2989 921 3049 iratum
943 2986 1224 3069 Hellespontiacum'

130 3072 242 3134 denuo
262 3068 431 3147 traiecisse,
450 3090 512 3132 non
534 3074 635 3154 potuit
656 3073 688 3133 in
707 3072 916 3154 oppugnanda
934 3070 1086 3151 Smyrna,
1111 3078 1146 3128 nt
1165 3087 1224 3127 no·

130 3164 199 3217 ster
220 3164 352 3231 narrat,
376 3154 563 3215 occubuisse.
580 3158 632 3237 qui
650 3175 746 3236 porro
767 3154 870 3215 Frerii
891 3152 993 3213 Rhodi
1015 3148 1221 3232 appellantur,

131 3248 211 3299 sant
238 3235 371 3319 religiosi
390 3244 425 3297 dc
448 3238 559 3298 milites
580 3238 700 3299 ordinis
720 3238 750 3297 8.
772 3236 917 3298 Iohannis
939 3231 1221 3317 hierosolymitani,

134 3322 192 3405 qui
216 3320 311 3380 hodie
332 3318 424 3421 vulpo
442 3320 568 3401 Equites
588 3320 761 3381 Melitenses
782 3320 987 3401 appellantur.

224 3402 264 3468 P.
275 3404 322 3479 50,
332 3418 359 3488 7.
377 3400 461 3544 serap
470 3402 555 3463 Πολι
556 3402 634 3488 χνίρ
645 3404 701 3482 τῆς
714 3395 875 3484 Metti]
897 3402 989 3462 Anao
1002 3398 1077 3482 1647
1091 3396 1225 3461 vidimus

132 3486 244 3549 adhuc
266 3494 400 3546 castrum
422 3484 442 3544 il
457 3485 499 3545 ud
518 3487 549 3545 in
564 3486 677 3547 montis
698 3486 811 3547 vertice
827 3486 970 3559 locamm,
992 3483 1079 3544 cuius
1103 3483 1224 3543 moenia

131 3573 260 3649 integra
282 3568 375 3629 ferme
392 3576 473 3629 sunt.
495 3586 605 3629 sermm
629 3570 734 3629 omnia
755 3567 900 3639 aedilicia,
915 3574 1042 3649 praeter
1063 3564 1223 3646 templum,

135 3650 231 3736 qood
268 3652 302 3709 in
320 3652 496 3711 meschitzim
517 3650 613 3712 Turcl
640 3650 922 3728 transformarunt,
943 3650 1048 3712 diruta
1068 3659 1149 3709 sunt
1171 3668 1224 3707 ex·-

133 3746 183 3797 tat
206 3734 298 3793 etiam
317 3734 348 3793 in
369 3754 407 3795 eo
428 3734 559 3795 cisterna
580 3734 783 3816 amplissima,
805 3736 892 3795 cuius
904 3734 1059 3815 laquearia
1074 3750 1110 3790 ac
1125 3728 1225 3792 sorat-

133 3838 188 3880 ccs
210 3816 316 3876 maltis
336 3816 486 3877 columnis
508 3816 686 3882 fulciantur.
708 3826 842 3877 castrum
866 3816 943 3877 illud
961 3816 1147 3897 quadratam
1167 3812 1224 3874 ob·

134 3901 269 3983 longum
290 3908 346 3977 cst,
367 3898 502 3959 vicinam
523 3898 568 3960 illi
590 3902 676 3961 urbis
696 3901 840 3983 antiquae
859 3901 977 3983 regioni
996 3900 1028 3956 in
1049 3917 1110 3978 qna
1123 3897 1223 3956 hero·
1265 3962 1276 3979 .

135 3982 235 4065 polis,
259 3982 344 4042 cuias
365 3981 465 4042 adhuc
479 3983 637 4044 moenium
657 4002 725 4064 pers
738 3983 890 4058 cernitar,
913 3986 970 4041 sita
991 3992 1066 4044 erat.
1087 3989 1225 4041 castrum

137 4066 273 4127 inferias
293 4065 332 4125 ad
355 4064 442 4127 littus
459 4068 553 4129 maris
574 4077 605 4127 et
625 4077 734 4149 portus
747 4070 917 4150 ingressum
936 4066 1028 4126 sitam
1049 4071 1107 4139 est,
1129 4081 1228 4137 nasce

136 4170 204 4235 que
230 4150 381 4231 integram
400 4147 531 4211 videar.

228 4230 370 4312 1³.32,3.
395 4232 469 4315 Cap.
482 4232 513 4298 8.
537 4225 760 4315 cinomanicae]
778 4230 964 4316 Metaphcra
974 4253 992 4293 a
1003 4250 1038 4295 re
1053 4228 1153 4296 navali
1166 4229 1228 4293 dua
