3075 4825
421 380 505 486 452
780 402 918 471 nuens
945 402 1143 472 staretis

419 557 583 636 moeohm,
601 556 729 621 oratorii
749 556 801 619 slei
819 578 876 622 suo
898 558 1040 641 prendo·
1051 558 1192 641 profeta,
1220 564 1332 641 excepto
1351 555 1444 619 eltnn

418 646 473 787 pio
493 642 543 705 del
563 662 673 725 magno
692 643 821 704 martiro
843 642 875 708 S.
896 642 1062 720 Dimitrio,
1084 640 1194 785 perelil
1211 640 1315 703 intrato
1332 641 1357 700 in
1372 638 1440 720 qaells

432 724 576 787 aeandoai
604 724 751 787 sacrificio
778 746 841 785 nno
871 727 988 805 orista,
1010 746 1068 785 eon
1101 724 1258 807 eproprie
1274 744 1321 785 sne
1334 720 1439 783 nanta

417 820 491 873 vate
513 810 552 869 ha
590 808 668 869 fanto
690 808 719 867 la
741 828 795 869 sus
817 808 967 870 oratione.
1009 807 1100 869 Onde
1119 806 1160 869 da
1180 806 1276 890 quella
1293 805 1357 867 hora
1371 804 1439 883 inpai

418 890 675 953 nominandarono
694 888 751 950 che
764 891 836 974 quel
847 910 933 953 sacro
948 890 1063 972 tempio
1082 891 1127 951 sia
1145 894 1178 951 in
1199 909 1283 951 mano
1300 887 1440 950 daClttim'r

418 975 463 1036 ni.
505 977 556 1037 Ma
581 972 612 1033 lu
635 984 817 1035 ornamento
841 972 876 1035 e’l
899 973 1024 1035 thesoro
1054 972 1133 1034 della
1155 970 1318 1055 aepulmra,
1335 968 1376 1032 det
1391 977 1439 1029 tan·

419 1059 475 1141 pio
495 1067 526 1118 et
548 1055 627 1117 della
647 1057 802 1137 sacristia,
831 1067 913 1119 tutto
931 1056 1035 1118 hanno
1055 1064 1181 1138 portato
1209 1057 1279 1129 via,
1305 1049 1438 1114 lmndol

418 1139 500 1203 mari
529 1139 613 1205 nudi.
663 1140 782 1201 Partito
813 1141 919 1201 Morat
947 1160 1008 1201 oon
1034 1140 1069 1201 lu
1096 1142 1226 1201 exercito
1254 1136 1290 1199 de
1315 1132 1438 1206 sitnon

418 1223 500 1285 ando
520 1222 550 1281 in
572 1220 789 1303 Andrinopoli.
831 1224 865 1283 ln
887 1220 982 1305 quelli
1010 1224 1097 1285 sorni
1116 1243 1151 1284 ae
1168 1221 1238 1284 lero
1253 1240 1309 1282 nno
1325 1218 1352 1279 di
1368 1218 1383 1277 fi
1398 1214 1438 1275 lioli

418 1305 457 1367 de
478 1303 569 1371 Milan
589 1305 730 1367 Vaivoda
751 1306 791 1367 de
813 1303 983 1383 anaohia,
1011 1305 1041 1367 ol
1061 1303 1153 1389 quale
1172 1327 1206 1367 ro
1227 1314 1339 1365 troam
1406 1317 1438 1379 pa·

418 1387 484 1450 lano
505 1388 543 1449 de
563 1389 673 1448 loanni
693 1386 858 1471 Paleologo
878 1387 1067 1470 imperadore
1085 1408 1144 1449 oon
1163 1388 1263 1449 slonni
1281 1386 1371 1447 sorani
1384 1402 1439 1441 ero·

416 1469 573 1533 citandose
592 1472 622 1531 in
645 1468 675 1532 le
695 1492 789 1553 opero
801 1472 989 1533 stratiotiee.
1031 1471 1074 1534 Et
1093 1471 1273 1553 partentlose
1291 1466 1438 1529 nonos

416 1552 549 1637 tinopoli
574 1550 655 1613 andi)
683 1554 715 1613 in
742 1551 912 1630 Vulachia,
940 1562 972 1615 et
996 1555 1147 1637 seqnitato
1175 1553 1216 1615 da
1241 1550 1322 1613 molti
1336 1544 1439 1629 oonpql

414 1654 480 1698 uno
499 1636 656 1713 exercito,
693 1636 810 1718 perche
829 1634 859 1697 ln
879 1638 1053 1719 generation
1075 1634 1214 1700 anaeba
1233 1637 1251 1698 ἔ
1267 1632 1349 1696 molto
1363 1628 1438 1691 nobit

415 1729 578 1801 etaempre
598 1729 710 1817 propte
729 1717 790 1781 alla
806 1717 1034 1801 conspiratione
1052 1740 1107 1803 per
1126 1718 1148 1781 li
1168 1721 1216 1818 soi
1230 1717 1324 1779 duobi.
1344 1706 1437 1867 (lpum

414 1800 1181 1962 itti'tttti’lstitt{sitiit‘n
1195 1797 1345 1946 ilii,
1359 1882 1436 1951 aa,

354 1967 541 2049 aoaquando
571 1972 793 2028 castrametata
813 1965 1098 2051 Constantinopoli,
1131 1979 1162 2029 ot
1183 1989 1237 2030 ern
1256 1966 1341 2028 molto
1354 1974 1436 2025 omo
1466 2029 1467 2042 ,

415 2059 448 2112 et
467 2047 606 2112 valevolo
627 2050 657 2111 in
677 2047 705 2110 le
725 2048 867 2132 bataglie.
884 2062 917 2112 et
936 2050 1085 2113 eorrendo
1104 2071 1162 2113 oon
1184 2051 1206 2112 li
1224 2049 1346 2123 Turohi,
1362 2061 1436 2105 saw*

414 2143 517 2194 mente
548 2129 632 2193 intro
666 2132 697 2193 in
731 2133 759 2193 la
794 2131 873 2209 cita,
903 2142 936 2196 et
963 2134 1131 2215 prasentosi
1159 2132 1223 2196 allo
1256 2128 1436 2216 inpenderet

413 2214 527 2277 deinde
551 2215 584 2276 in
612 2216 664 2295 poi
685 2213 807 2277 oorriva
834 2237 893 2278 con
913 2218 922 2276 i
944 2216 1076 2293 Romei,
1111 2237 1131 2278 o
1228 2217 1298 2279 dosa
1321 2212 1436 2276 viriinott

415 2309 525 2381 eontra
552 2298 575 2359 li
599 2297 724 2361 anehi.
773 2298 821 2359 Da
846 2298 877 2359 oi
905 2308 1084 2364 veramente
1111 2321 1170 2361 oe
1204 2302 1303 2361 Morat
1327 2316 1355 2359 ae
1377 2282 1436 2369 alani

416 2378 498 2444 della
519 2380 597 2462 citt,
620 2402 681 2444 non
702 2402 811 2464 possen
833 2404 853 2444 o
873 2382 946 2444 dare
967 2381 1076 2446 effoeto
1094 2383 1125 2446 al
1144 2404 1203 2446 suo
1221 2385 1356 2468 pensiero,
1372 2378 1436 2467 tlara

415 2461 572 2524 domandi>
598 2461 721 2526 licentis
749 2463 799 2525 alo
825 2466 1017 2548 imperadoro
1045 2466 1085 2528 de
1112 2468 1229 2530 andare
1245 2467 1290 2528 ala
1307 2483 1354 2528 sua
1368 2467 1435 2542 ptlr*

414 2543 462 2604 Lo
489 2545 683 2626 imperatione
710 2546 853 2610 usandoli
885 2549 1040 2632 benignita
1070 2558 1103 2611 at
1122 2553 1270 2624 norteaia,
1298 2546 1328 2609 lo
1352 2537 1436 2606 nise'fl

415 2645 479 2687 una
498 2627 614 2709 grande
643 2649 722 2690 nave
749 2641 781 2691 et
800 2653 857 2712 per
886 2632 915 2693 el
936 2653 1022 2694 mare
1042 2631 1173 2695 Pontioo
1194 2633 1224 2696 el
1241 2628 1344 2695 mandi
1360 2620 1437 2712 all?

414 2727 474 2788 pro
507 2710 627 2776 Castro.
673 2711 711 2772 Li
731 2713 865 2796 prinoipi
886 2715 928 2778 de
955 2713 1133 2790 Vulaolria,
1154 2716 1214 2778 ohe
1232 2719 1257 2778 si
1274 2721 1438 2776 nominat

414 2791 519 2932 puello
541 2791 636 2871 loco,
657 2792 690 2854 lu
709 2805 860 2858 rezevette
914 2800 1134 2877 atioaamentet
1156 2795 1350 2860 banediomdo
1364 2785 1437 2851 atior

437 2875 518 2936 ando
549 2872 669 2958 quello,
699 2897 788 2939 coma
818 2878 920 2940 duos
955 2879 990 2942 lu
1008 2881 1112 2944 hanno
1136 2903 1237 2944 masso
1256 2878 1304 2944 nel
1320 2865 1438 2939 tontole

413 2975 469 3017 suo
491 2978 569 3034 svo,
592 2957 759 3021 amarando
780 2959 810 3022 el
832 2961 925 3044 figliol
943 2964 1089 3026 hastsrdo
1113 2963 1153 3026 de
1177 2968 1281 3026 Minoe.
1317 2961 1354 3024 it
1369 2957 1437 3016 W
1465 3030 1466 3035 ἵ

413 3039 557 3122 principo
575 3041 615 3103 de
634 3051 715 3104 tutta
734 3040 764 3103 la
778 3041 946 3124 Vuloohia,
967 3047 1082 3108 mando
1101 3048 1150 3108 alo
1165 3051 1269 3110 lllorot
1287 3033 1437 3126 substitit*

413 3139 473 3200 per
496 3120 593 3184 farlo
622 3145 707 3206 pano.
748 3127 795 3188 La
821 3127 912 3209 quola
940 3130 1044 3192 Morat
1071 3151 1128 3214 per
1147 3129 1180 3192 la
1209 3141 1312 3192 natura
1329 3143 1374 3188 aaa
1388 3111 1437 3179 lul
1465 3180 1466 3185 ,

414 3211 447 3262 et
468 3203 597 3286 benigna
626 3208 690 3268 seoe
717 3229 777 3270 con
806 3213 1005 3292 promissione
1035 3212 1075 3273 de
1110 3212 1263 3276 annuario
1283 3195 1436 3274 tribuit·ll

412 3285 476 3343 cosi
496 3286 603 3349 Danus
625 3309 744 3353 rotasse
761 3291 868 3374 signos
897 3293 937 3354 de
959 3304 1040 3356 tutta
1061 3296 1091 3356 la
1110 3295 1270 3362 Vulaohia.
1308 3293 1437 3354 sennua

411 3366 510 3426 ormai
534 3371 583 3430 col
607 3391 734 3434 sermon
763 3385 872 3437 nostro
902 3377 931 3438 al
951 3375 1046 3460 figliol
1065 3379 1104 3440 de
1124 3379 1221 3440 Mirae
1240 3378 1377 3439 nominato
1390 3368 1436 3428 ΒΨ

410 3446 539 3528 gulion,
560 3451 697 3534 alquale
723 3477 776 3518 era
806 3458 959 3521 malitioso
993 3471 1025 3522 et
1043 3460 1189 3545 oaptivo,
1213 3462 1241 3523 el
1260 3480 1313 3522 sno
1330 3442 1436 3534 nortl?

411 3543 579 3596 mostrante
598 3537 629 3595 lu
654 3537 765 3602 effecto
788 3539 870 3603 delle
889 3563 982 3625 opere
999 3563 1068 3622 soe,
1086 3544 1199 3625 peralta
1221 3539 1369 3626 Dragnlios
1381 3533 1436 3608 aiga

409 3613 465 3672 fica
487 3619 654 3684 malitioso.
698 3621 817 3700 Questo
837 3646 938 3687 venne
956 3623 1016 3687 elle
1037 3647 1127 3688 mnne
1146 3648 1210 3690 oon
1232 3627 1329 3701 Dano,
1346 3606 1437 3684 atial-

409 3709 512 3759 mente
536 3698 563 3759 al
585 3703 715 3764 vissein
734 3705 889 3788 bataglia3
912 3709 941 3768 al
985 3707 1036 3769 nal
1056 3697 1144 3777 {tinto
1166 3708 1261 3792 sagitt
1279 3707 1308 3769 la
1323 3712 1389 3766 tall·
1414 3687 1438 3748 B

410 3780 475 3840 oosi
497 3782 661 3864 Dragulios
680 3805 782 3850 venne
801 3792 906 3872 signer
925 3729 984 3852 del
998 3792 1114 3854 ducato
1171 3803 1271 3854 terno·
1307 3775 1437 3852 himilt-

311 3897 315 3906 ·
410 3873 460 3920 rat
483 3861 512 3924 ln
535 3876 636 3928 morte
668 3867 708 3930 de
728 3871 856 3946 Dauos,
877 3894 938 3934 oon
958 3872 1098 3936 molestia
1142 3899 1161 3936 a
1181 3884 1351 3958 soportava,

409 3937 507 4006 hoves
528 3947 561 4008 in
583 3949 612 4010 le
632 3970 686 4012 sue
716 3975 808 4015 mane
833 3955 933 4018 l'altro
962 3956 1083 4020 fratello
1104 3958 1143 4021 da
1169 3959 1294 4034 Danos;
1311 3963 1338 4014 el
1352 3933 1437 4009 πω

349 4027 570 4092 aotconstituir
591 4031 669 4096 duca
693 4033 813 4128 inlooo
834 4037 872 4098 de
894 4061 950 4100 auo
970 4039 1091 4103 fratello
1110 4052 1238 4118 morto,
1258 4032 1355 4101 manill)
1371 4015 1438 4124 podio

410 4119 471 4244 it:
490 4112 1000 4275 siitsilisttsii
1021 4113 1437 4291 ,tlsttssssttttlt

411 4273 443 4324 ot
465 4273 569 4335 amno
589 4280 617 4340 el
637 4281 758 4347 fratello
779 4285 818 4348 de
839 4287 958 4372 Dauos,
980 4300 1014 4354 et
1033 4311 1121 4355 senaa
1139 4289 1221 4354 altro
1239 4291 1371 4352 oontw
1385 4261 1435 4332 Ψ·

788 4442 801 4493 i
