3075 4825
406 305 493 415 484
666 335 671 353 ·
727 299 731 306 ’
766 333 905 402 oncle
934 333 1128 403 msronn

405 488 799 638 {ttt‘tll‘nllllltn
819 491 949 656 {ialal
945 497 1231 654 33:133?AE
1232 483 1312 654 llll
1311 485 1432 636 ,llll

404 659 536 743 l'angelo
554 657 593 718 de
612 656 664 717 dio
682 655 865 718 descendet-b
886 656 936 716 dal
955 655 1033 717 cielo
1055 677 1112 717 con
1127 654 1157 716 la
1176 656 1286 738 spada,
1318 667 1346 717 et
1360 659 1432 715 nme

404 743 478 805 dart
512 739 660 822 l’imperio
684 759 741 801 con
775 737 803 799 la
821 739 913 822 spada
933 739 971 799 ad
996 759 1066 828 nnn
1080 737 1175 800 homo
1195 741 1347 814 anonimo,
1367 738 1432 799 cheir

344 845 395 900 ²9⁰
405 824 507 909 qnella
532 823 610 884 hora
640 823 708 884 serb
730 833 855 882 trovato
874 831 954 882 stare
975 820 1034 882 alla
1053 823 1185 884 colonna
1205 822 1297 883 molto
1316 821 1433 884 humiles

402 928 543 1052 llll?
564 917 600 1048 ‘l
617 905 682 1049 ll?
695 901 1432 1050 lllltlllllt‘illlllll‘ltlttlltl

401 1077 464 1135 eti
495 1009 619 1133 Rmpep
630 1072 652 1133 li
672 1033 886 1152 tagliararino,
915 1080 946 1132 et
976 1055 1197 1133 caeciarannoli
1230 1070 1307 1132 dalla
1330 1007 1432 1131 citellmi

400 1157 482 1218 dalla
502 1157 611 1216 Greeia
640 1165 670 1215 et
694 1153 774 1213 dalla
808 1153 929 1214 Natolia
963 1152 1056 1216 infine
1079 1153 1130 1214 alli
1166 1155 1281 1215 confini
1308 1153 1433 1214 dellaPer·

398 1233 1432 1404 tntilli¹⁰ttllgt¹¹¹l⁰illllltdl‘llitlait‘lllll,

399 1406 552 1467 credendo
583 1415 710 1465 trovare
735 1403 765 1462 la
791 1401 998 1464 misericordia
1027 1403 1067 1464 da
1092 1403 1153 1465 dio.
1203 1403 1241 1464 ln
1277 1423 1333 1463 nna
1348 1397 1431 1461 bonel

399 1489 515 1572 grande
535 1487 654 1570 templo
674 1507 707 1548 se
727 1485 818 1545 vidde
839 1485 932 1568 piano
954 1484 992 1546 de
1009 1485 1126 1548 homini
1146 1485 1236 1548 etde
1257 1485 1372 1560 femine,
1388 1479 1431 1542 al

397 1573 507 1653 portici
544 1571 625 1651 pieni
653 1569 692 1630 de
724 1570 836 1650 popolo
858 1569 1087 1630 innumerabile.
1141 1570 1170 1629 0
1195 1568 1312 1630 dolenti
1339 1578 1363 1628 et
1377 1565 1432 1626 nise

396 1659 424 1716 ri
454 1654 576 1714 Romeil
608 1654 723 1730 Questo
753 1654 771 1712 ὲ
800 1653 872 1734 quel
901 1652 1014 1734 templo
1034 1652 1090 1713 che
1110 1652 1176 1713 beri
1190 1663 1220 1714 et
1241 1653 1271 1713 lo
1292 1653 1375 1713 avanti
1390 1646 1431 1708 beri

397 1739 452 1798 voi
470 1738 659 1797 chiamavate
681 1733 845 1817 spelunclm
882 1747 911 1796 ct
933 1756 985 1794 ara
1007 1735 1046 1796 de
1067 1734 1183 1818 gentili.
1225 1737 1344 1796 nissuno
1359 1732 1387 1793 de
1401 1729 1430 1788 roi

398 1832 524 1881 entrare
557 1819 691 1896 dentro,
722 1817 777 1878 aab
797 1839 858 1878 non
882 1839 914 1878 se
935 1819 1186 1898 commaculasse,
1206 1839 1268 1900 par
1287 1819 1369 1878 bever
1385 1813 1430 1874 orla

395 1903 484 1964 brata
504 1902 614 1964 dentro
635 1903 664 1960 la
688 1920 784 1962 messa
805 1901 897 1983 quelli
910 1901 967 1962 cbo
988 1923 1094 1962 ornava
1110 1901 1138 1962 la
1161 1903 1281 1964 unione
1301 1899 1366 1962 della
1381 1896 1430 1957 elie

394 1986 441 2046 sin
464 1986 503 2047 de
525 1985 586 2047 din.
608 1983 684 2044 bora
715 1983 787 2044 tutti
810 1985 917 2046 havete
938 1985 1083 2067 coningio·
1101 1985 1138 2044 ad
1161 1997 1271 2066 questo
1290 1985 1383 2066 templo
1397 1998 1430 2038 so

396 2090 447 2130 me
473 2080 579 2130 vostro
607 2066 749 2133 salutare.
799 2069 851 2128 ΜΒ
880 2067 911 2128 la
945 2069 989 2128 ir'a
1011 2068 1090 2128 iusta
1110 2067 1149 2128 de
1168 2068 1222 2129 dio
1243 2089 1305 2128 non
1325 2079 1429 2127 senona

395 2153 435 2213 ad
455 2149 663 2214 misericordia
684 2151 723 2210 de
742 2150 794 2212 voi
813 2171 867 2231 per
896 2149 916 2210 li
938 2150 1072 2211 simulati
1095 2151 1226 2231 amplexi
1250 2161 1284 2230 et,
1301 2169 1349 2232 per
1364 2147 1381 2208 li
1396 2165 1428 2200 ro·

336 2236 451 2310 anistri
475 2235 582 2317 planti.
631 2233 697 2294 Che
727 2253 760 2293 se
781 2234 812 2292 in
840 2245 927 2294 tanto
949 2232 1083 2313 periculo
1116 2231 1246 2316 l’angelo
1269 2233 1306 2294 de
1324 2231 1366 2294 dio
1380 2228 1429 2288 soc

394 2320 518 2380 desceso
536 2319 587 2380 dal
610 2317 688 2378 ciclo
711 2329 742 2377 et
762 2316 887 2379 havesse
907 2315 1096 2378 domandato
1118 2317 1192 2378 voi:
1216 2317 1315 2378 volete
1331 2326 1428 2376 merere

396 2401 427 2462 la
451 2424 527 2483 pace
548 2411 580 2463 et
601 2411 760 2483 acceptare
779 2401 806 2463 la
829 2403 942 2461 unione
962 2398 1041 2462 della
1063 2399 1198 2462 obiesia?
1220 2401 1315 2462 cbeio
1332 2388 1428 2459 camisil

318 2527 320 2530 -
395 2484 417 2543 li
443 2484 558 2544 inimici
588 2484 680 2561 dalla·
694 2484 804 2545 citode.
845 2485 938 2545 Certe
963 2487 1014 2545 voi
1034 2506 1096 2546 non
1116 2479 1427 2547 baveresticonsentlo

392 2579 474 2629 etse
493 2588 554 2649 pur
573 2567 733 2627 bavessate
752 2568 942 2646 consentito,
964 2562 993 2627 el
1016 2570 1255 2630 consentimento
1274 2578 1365 2628 vostro
1379 2558 1428 2622 reri

393 2660 475 2710 stato
500 2651 584 2725 falso,
605 2649 719 2731 perche
737 2651 873 2711 anchora
892 2652 938 2711 atii
959 2650 990 2709 in
1012 2648 1042 2711 le
1065 2652 1166 2712 vostre
1187 2649 1331 2735 noneste
1346 2655 1427 2708 amite

390 2736 433 2793 tia
456 2732 495 2793 de
525 2731 620 2815 q‘uelli
647 2732 704 2791 che
741 2733 911 2795 dieevanor
937 2735 1046 2815 meglio
1066 2735 1084 2794 b
1103 2733 1223 2817 cagiere
1246 2736 1277 2793 in
1296 2731 1324 2793 le
1341 2721 1428 2791 manle

393 2816 508 2876 Tmcbi
534 2816 590 2877 ebe
611 2816 650 2876 de
669 2816 816 2877 Francbi.
861 2818 874 2876 l
897 2816 1014 2877 Turcbi
1029 2820 1058 2876 in
1073 2819 1172 2899 quella
1190 2816 1271 2895 ¹horn
1289 2804 1428 2899 pannulo

390 2898 553 2960 robbando
586 2908 618 2959 et
644 2899 807 2959 amarando
837 2900 926 2959 Greci
956 2910 986 2959 et
1007 2900 1108 2960 Latini
1145 2902 1272 2961 eoneeio
1291 2898 1316 2959 al
1334 2893 1428 2973 tempi»

390 3003 452 3043 non
475 3002 527 3042 era
547 2980 680 3043 anchora
706 2990 827 3064 possets
846 2981 942 3045 l'bora
972 2982 1069 3063 prima
1090 2983 1128 3044 de
1149 3004 1252 3043 corno.
1296 2981 1335 3042 Et
1351 2978 1429 3038 bava·

390 3064 430 3125 do
453 3075 575 3127 trovato
598 3063 626 3125 le
647 3074 736 3147 porte
755 3065 805 3125 dcl
825 3070 938 3146 templo
954 3076 1086 3145 serente,
1118 3066 1193 3126 colle
1213 3085 1331 3125 manare
1349 3061 1373 3122 le
1387 3056 1427 3116 bul·

391 3146 425 3208 tb
443 3168 500 3229 per
532 3158 625 3211 terra.
674 3148 826 3209 lntrando
858 3148 877 3207 li
908 3147 1030 3209 barbari
1053 3170 1110 3209 con
1137 3149 1165 3210 le
1187 3148 1281 3231 spade
1295 3142 1428 3227 sanguin&l

389 3240 438 3290 tra
461 3229 564 3312 quello
595 3232 704 3293 afflicto
725 3229 840 3312 populo
870 3232 1107 3307 innumerabile,
1128 3253 1215 3293 senza
1239 3238 1377 3293 contracto
1391 3220 1427 3280 ἀί·

389 3312 545 3374 scheduno
571 3312 670 3394 ligavn
688 3313 717 3373 cl
739 3335 795 3375 sno
820 3316 979 3396 mancipio.
1001 3314 1082 3375 bora
1102 3314 1151 3375 cbi
1172 3317 1254 3377 serris
1275 3314 1328 3374 cbe
1344 3303 1427 3369 absola-

389 3407 521 3456 tamente
551 3417 637 3475 possa
667 3418 898 3457 conmemorare
928 3418 1015 3457 senza
1044 3396 1166 3459 lacrimo
1188 3395 1218 3459 la
1239 3394 1354 3458 infanda
1373 3382 1427 3475 clllf

389 3479 461 3539 delli
492 3478 634 3553 citndini,
668 3478 696 3539 lc
722 3500 799 3542 voce
825 3491 855 3542 et
887 3479 979 3563 vagiti
1010 3482 1041 3539 in
1061 3480 1163 3564 quella
1196 3480 1273 3541 hora
1292 3476 1346 3541 deli
1364 3482 1426 3556 lffl‘l

389 3563 550 3638 lantulini,
577 3562 598 3621 li
621 3560 770 3624 lacrimosi
801 3564 878 3647 gridi
909 3574 939 3623 et
966 3562 1074 3624 alulati
1097 3562 1175 3626 delle
1195 3574 1310 3640 matre,
1330 3558 1348 3621 li
1364 3567 1425 3615 anan

388 3648 488 3726 pianti
510 3647 581 3705 delli
610 3646 709 3725 patri,
739 3646 769 3706 la
802 3646 973 3707 miserabile
995 3646 1143 3730 captivitla
1166 3646 1216 3709 dcl
1237 3644 1341 3728 popolo
1358 3633 1426 3731 tolle?

388 3732 426 3788 Li
447 3729 568 3789 barbari
600 3729 765 3789 eernivano
786 3728 865 3789 delle
894 3728 1031 3791 donzellc
1052 3740 1082 3790 et
1102 3728 1182 3791 delle
1204 3728 1342 3811 Calogree
1355 3723 1376 3781 ¹⁸
1390 3732 1425 3805 ll

388 3824 494 3871 tenere
506 3826 535 3871 et
549 3812 577 3872 le
589 3812 643 3894 piir
654 3811 741 3875 belle.
755 3814 798 3873 Le
810 3814 944 3893 simplice
959 3812 1087 3885 infelice,
1101 3812 1250 3874 battendo
1262 3813 1283 3875 li
1294 3805 1425 3887 sangutffll}

385 3892 883 4059 til,tilltlllltltlgll
903 3894 1025 4037 “llll
1045 3882 1424 4047 lttllltlltlllll

884 4022 894 4053 9

385 4058 543 4138 Ligavano
564 4062 594 4120 le
615 4061 767 4130 madonne
784 4084 841 4123 con
867 4060 895 4122 le
917 4060 1029 4134 ancile,
1053 4060 1076 4123 li
1098 4064 1211 4143 signori
1231 4082 1286 4122 con
1300 4060 1318 4117 li
1333 4054 1367 4114 soi
1381 4062 1423 4104 πῖ·

384 4141 417 4198 vi
436 4146 617 4221 comparati,
650 4144 672 4203 li
704 4148 808 4204 zoveni
829 4166 886 4204 eon
906 4144 934 4205 le
961 4153 1065 4204 tenere
1086 4140 1231 4211 donzelle.
1272 4142 1311 4203 Le
1329 4124 1424 4227 pullcl‘

383 4242 537 4306 vergere,
574 4222 603 4288 lc
630 4226 718 4308 quale
747 4248 867 4312 appena
888 4248 1022 4291 osavano
1051 4226 1228 4317 resguardar
1255 4225 1284 4290 la
1309 4204 1422 4283 Μὰ
