3075 4825
390 58 406 93 ἱ

338 276 497 345 uruca
534 278 788 343 ruinarum
820 274 1010 345 iucaaro.
1130 256 1212 371 391

116 428 199 491 viiie
223 439 259 491 et
287 438 368 493 tutte
387 432 415 494 ie
436 442 519 496 terra
540 432 580 494 de
599 432 731 515 Epheso.
774 430 817 494 Et
835 454 853 493 a
872 432 966 515 pochi
984 431 1071 495 aorni
1091 434 1145 517 poi
1167 456 1219 499 ae·

114 512 273 575 cressiuti
296 514 495 598 ziuqueuento
516 514 586 577 altri
606 516 730 577 honneni
752 518 881 593 armati,
901 537 973 598 pore
990 514 1019 577 ei
1039 537 1150 599 eampo
1170 518 1219 581 aia

113 597 196 671 cita,
219 607 254 656 et
279 608 366 659 tanto
390 598 423 659 la
442 598 539 659 otiliae
559 610 590 659 et
611 598 766 660 combatte
784 599 842 659 che
861 601 893 658 in
911 598 1005 680 pochi
1025 600 1107 660 torni
1130 597 1160 660 ei
1179 601 1260 661 Μι

113 678 195 760 gliol
230 679 274 739 de
302 680 369 741 Atia
388 682 513 765 scampb
539 682 588 743 del
621 680 767 757 cauteiio,
793 692 824 742 et
843 682 1006 743 Zenait·ae
1026 682 1092 744 fece
1112 682 1220 765 aiguor

114 762 155 823 de
179 760 331 844 Epheso.
383 764 480 827 Preao
510 764 671 827 eiduoato
705 765 743 826 de
767 764 860 840 Aris,
884 766 992 825 Zonait
1013 785 1074 824 nou
1095 784 1220 829 carrara

113 843 263 907 scrivere
282 846 314 905 in
333 842 445 908 Traoia
464 870 482 909 a
502 846 722 925 Muauimano‚
748 846 899 909 dicendo:
922 850 956 907 io
977 858 1120 929 routengo
1142 868 1221 930 que·

114 938 164 989 sta
189 948 310 1010 guerra
338 948 395 1071 per
424 952 512 991 amor
533 941 604 1031 tuo.
649 930 694 1027 Ei·
716 931 829 1035 ducato
853 929 892 991 de
913 930 984 1027 Atia
1004 950 1070 991 non
1092 950 1221 1012 pernae

114 1012 652 1159 tuitii?sttettttta
670 1013 759 1177 {tit
772 1014 1142 1178 'diffluit
1163 1015 1221 1158 :tf

115 1175 330 1237 Musulmauo
351 1188 436 1240 certe
455 1200 518 1241 nou
539 1180 569 1241 io
583 1201 681 1263 pegru
697 1179 735 1240 ad
751 1180 903 1240 mendatii
920 1198 975 1260 per
988 1177 1019 1238 la
1034 1182 1083 1240 via
1103 1180 1143 1239 de
1156 1182 1220 1239 Ga.

115 1256 208 1341 lipoii
240 1258 291 1321 aie
311 1262 435 1323 Smirne
463 1272 552 1345 gente
582 1258 614 1324 et
642 1262 783 1336 theram,
815 1264 914 1344 perfia
942 1262 1001 1322 ohe
1028 1262 1139 1322 Zonait
1166 1263 1221 1323 de-

116 1341 271 1403 schacoii)
294 1342 315 1403 ii
334 1346 450 1425 posteri
472 1342 510 1407 de
530 1348 595 1406 Atia
611 1346 650 1405 de
670 1344 775 1408 tutto’i
800 1366 857 1406 auo
881 1345 1005 1405 ducato.
1049 1344 1220 1427 Vegnando

118 1424 151 1487 la
171 1426 357 1507 primavera
379 1426 418 1489 de
438 1426 539 1490 l'anno
559 1427 690 1490 seeundo
713 1428 805 1511 dapoi
826 1427 855 1490 ei
877 1425 1001 1495 deluvio
1024 1426 1057 1487 di
1077 1428 1220 1503 Tartari,

121 1506 152 1568 ei
175 1508 437 1593 aeoundo'iigiiol
459 1511 585 1574 desitis
616 1511 746 1573 mancho
763 1511 802 1573 de
821 1520 929 1594 questa
950 1515 1028 1583 vita3
1049 1509 1087 1570 e'i
1107 1514 1230 1595 primo·-

119 1594 232 1673 genito
264 1589 416 1655 obiamato
438 1595 557 1673 Omne,
585 1592 774 1657 deacaociato
802 1592 854 1656 dai
874 1593 985 1655 durato
1007 1604 1155 1675 paterno,
1176 1594 1222 1655 ri.

120 1694 215 1737 corae
246 1674 287 1737 od
315 1676 500 1740 Mandachia
519 1698 575 1740 suo
597 1672 716 1756 barba,
745 1678 824 1739 duna
845 1677 886 1739 da
907 1676 1022 1755 Caria,
1043 1685 1077 1738 et
1096 1678 1223 1738 buttau·

119 1755 192 1818 dosi
213 1756 260 1819 aii
282 1759 327 1819 soi
348 1760 437 1842 pedi,
461 1761 481 1822 ii
512 1760 604 1823 narro
627 1759 655 1823 ei
677 1782 732 1823 suo
751 1760 945 1839 infortunio,
965 1770 996 1820 et
1018 1759 1225 1821 humihnente

119 1840 144 1900 ii
174 1838 341 1901 domando
372 1842 539 1905 adiutorio.
586 1844 770 1906 Mandaehia
793 1844 1030 1925 benignamente
1051 1843 1224 1904 renovando

120 1922 259 2006 quello,
296 1925 406 1987 exaudi
430 1924 458 1986 ie
479 1946 534 1987 aue
553 1926 734 2009 preghiere,
757 1936 788 1987 et
808 1928 971 1987 nnavorati
992 1923 1015 1985 ii
1042 1925 1088 1985 ani
1106 1924 1225 2006 princi·

119 2002 215 2087 pnii,
239 2024 300 2065 con
323 2006 396 2090 rego
417 2009 460 2069 aei
483 2006 567 2068 milia
585 2008 708 2070 hnmani
737 2010 866 2088 armati,
887 2028 947 2068 eon
966 2010 979 2068 i
999 2007 1081 2090 quoii
1098 2027 1225 2068 menan·

120 2086 168 2147 do
200 2106 266 2147 eon
300 2028 345 2149 iui
379 2090 480 2151 Omur
510 2110 606 2153 venne
639 2092 672 2152 in
694 2090 844 2172 Epheso,
868 2090 950 2153 dore
966 2111 1023 2151 era
1044 2090 1227 2152 Caraauboai

121 2190 188 2231 oon
216 2168 345 2232 homeni
376 2175 423 2234 tre
443 2172 537 2235 milia.
589 2173 654 2235 Suo
677 2172 773 2255 figlini
795 2172 904 2235 Zonait
923 2174 957 2234 in
1036 2170 1172 2254 itempo
1193 2194 1227 2233 aa

122 2262 265 2314 trovava
295 2254 342 2315 ale
361 2255 494 2318 smirne.
543 2256 725 2318 Mandaohia
757 2256 962 2318 combat'endo
995 2265 1141 2328 eterra,
1162 2256 1228 2315 seca

125 2334 313 2397 reohiedere
330 2338 352 2399 li
368 2339 495 2422 Ephesii
516 2338 575 2402 ohe
594 2340 616 2400 li
639 2338 781 2422 apriseno
800 2338 830 2399 ia
845 2350 947 2423 porta.
988 2336 1032 2400 Et
1096 2337 1146 2397 eiii
1164 2357 1228 2397 nou

127 2418 305 2502 vogiioudo
325 2421 375 2482 aia
394 2423 537 2486 richiesta
556 2424 738 2494 consentire,
753 2423 936 2484 Mandachia
958 2422 1038 2484 irato
1074 2442 1127 2482 ece
1146 2431 1227 2482 met·

128 2512 178 2563 ter
207 2502 300 2566 fuooo
323 2505 377 2565 olii
403 2517 517 2588 quatro
535 2507 660 2569 cantoni
680 2505 760 2567 delia
779 2506 862 2583 citt,
884 2516 915 2566 et
937 2503 972 2565 ia
990 2505 1089 2586 spatio
1111 2504 1151 2564 de
1170 2504 1269 2571 doiua

130 2585 224 2648 zorni
245 2594 326 2650 tutta
350 2587 383 2649 ln
402 2599 483 2650 terra
503 2590 535 2652 fo
555 2593 696 2652 bruxata.
741 2589 779 2648 Li
799 2587 940 2650 rittadini
959 2588 1100 2649 vadendo
1119 2587 1149 2647 ie
1170 2605 1225 2648 aue

131 2689 227 2742 uase,
263 2669 391 2752 reliquie
419 2673 457 2733 de
475 2673 625 2754 Tartari,
655 2673 782 2733 vertirse
800 2675 832 2732 in
852 2691 981 2746 uenere,
1004 2692 1039 2732 ae
1053 2670 1226 2731 verderono

131 2773 151 2813 a
172 2751 372 2817 Mandachia.
420 2757 602 2818 Carasubasi
630 2753 875 2818 abbandonando
900 2753 931 2814 ia
951 2755 1013 2814 cita
1033 2773 1066 2813 ae
1084 2751 1226 2813 suirbia

131 2831 162 2896 ia
183 2832 324 2914 fortean,
360 2839 392 2898 in
420 2838 450 2900 la
509 2839 577 2902 uaie
610 2837 827 2901 contrastaudo
853 2837 933 2899 duro
950 2837 1011 2897 iine
1030 2834 1224 2910 al'autunno,

132 2917 303 2998 spectando
327 2941 465 2984 soocorso
485 2862 525 2982 da
538 2925 665 2984 Zonaite
684 2942 740 2984 suo
753 2918 878 3004 figiioio.
899 2917 940 2982 Ei
960 2917 1050 3001 quale
1068 2937 1125 2999 per
1147 2935 1229 2978 esser

133 3021 193 3062 uon
215 3001 318 3084 pacha
341 3013 429 3066 rente
448 3004 496 3068 ale
519 3006 661 3084 Smirna,
694 3025 756 3066 non
778 3011 913 3086 pouotte
933 3001 1021 3062 venir
1038 2999 1066 3062 al
1082 3019 1229 3061 aoooorro

135 3094 278 3164 paterno.
295 3086 473 3150 Caraaubasi
491 3087 591 3168 d’ogni
603 3109 747 3170 speranza
758 3087 797 3148 da
807 3105 948 3148 aooeorao
961 3082 1118 3157 destituto,
1137 3103 1228 3163 apar-

134 3186 166 3227 ae
188 3165 219 3228 ia
245 3179 343 3251 portu
361 3169 410 3232 dei
429 3170 553 3233 castello
573 3181 603 3232 et
633 3169 695 3232 usai
715 3169 802 3246 fora,
823 3179 855 3232 et
872 3165 1050 3229 buttandosi
1076 3167 1117 3229 aii
1142 3164 1228 3248 piedi

136 3247 176 3310 de
197 3251 381 3314 Mandaehia
410 3252 634 3316 hamelemente
652 3253 674 3314 ii
694 3252 848 3314 domandi>
871 3251 1092 3313 misericordia.
1137 3251 1228 3309 Man·

138 3330 248 3396 dachia
278 3337 415 3396 restituto
436 3337 540 3398 omar
559 3359 618 3400 suo
648 3347 761 3418 nepote
780 3334 831 3396 nei
853 3334 964 3396 ducato
983 3345 1135 3416 paterno,
1161 3330 1229 3390 fece

138 3411 232 3497 ligare
263 3417 462 3499 Camaubasi,
497 3431 528 3482 et
555 3441 612 3481 oon
633 3416 679 3480 lui
709 3416 731 3477 ii
753 3415 975 3480 Ottomannido
995 3416 1054 3476 ohe
1077 3437 1136 3502 oon
1157 3432 1227 3473 earo

139 3495 376 3580 sitrovarou03
398 3514 428 3564 et
450 3503 524 3566 tutti
545 3504 612 3565 fece
639 3513 768 3599 portare
789 3502 820 3560 in
842 3501 934 3563 Caria
954 3498 984 3561 al
1008 3497 1173 3571 Mamnio‚
1197 3505 1230 3554 et

140 3583 310 3648 servarein
338 3607 400 3647 una
420 3597 531 3665 torre3
562 3596 594 3648 et
616 3585 660 3646 im
680 3582 731 3668 poi
753 3605 786 3645 se
805 3603 846 3644 ne
864 3583 959 3648 torno
980 3581 1009 3642 al
1029 3602 1087 3643 auo
1107 3579 1230 3642 ducato.

142 3662 269 3740 Zenait‚
296 3667 390 3730 aidite
409 3672 437 3732 le
458 3691 528 3732 rose
546 3672 673 3753 arguite,
694 3689 752 3730 eon
773 3687 836 3727 una
857 3667 935 3728 iiaata
956 3661 1131 3747 navigando
1153 3679 1232 3719 ven-

142 3765 182 3808 ua
199 3749 231 3812 in
254 3751 345 3812 Caria
365 3751 394 3813 al
416 3751 566 3827 Mamoio‚
589 3763 620 3814 et
638 3761 858 3813 aeuetnmeute
881 3752 945 3812 fera
966 3769 1074 3830 sapere
1093 3743 1124 3804 ai
1143 3753 1233 3823 patra

146 3850 234 3896 come
253 3831 298 3896 lui
318 3855 372 3895 eru
387 3848 502 3898 venato
518 3857 575 3918 per
587 3834 740 3897 involarlo
761 3855 821 3896 oon
833 3834 842 3896 i
854 3834 900 3896 ooi
920 3831 1096 3912 compagni.
1119 3823 1234 3923 Quello

146 3911 254 3980 saetosi
276 3928 399 4000 portare
420 3919 458 3980 de
488 3919 553 3980 hou
575 3919 649 3980 vino
671 3919 703 3978 in
726 3917 951 3990 abbuudautia,
975 3910 1094 3974 inebrio
1115 3917 1190 3970 tutu
1209 3909 1233 3970 ia

148 4001 330 4084 guardiaui3
353 4001 374 4062 ii
395 4000 478 4086 quali
499 4002 592 4064 vineti
614 3999 665 4062 dai
686 4001 758 4061 vino
786 4009 819 4062 et
840 3999 891 4060 dai
911 4018 1008 4058 sonno
1033 4013 1122 4056 come
1141 3990 1233 4074 corpi

149 4086 239 4145 morti
270 4085 408 4146 iaoeauo.
457 4088 490 4147 ln
524 4095 629 4170 questa
650 4083 834 4146 commoditi
862 4083 902 4142 de
921 4092 1028 4160 tempo
1049 4075 1234 4138 Caraaubari

152 4181 210 4228 oon
227 4167 250 4231 ii
269 4170 454 4254 compagai,
478 4167 535 4232 che
553 4185 649 4231 erano
670 4168 702 4230 iu
722 4185 880 4248 prexano,
904 4181 1092 4247 romperouo
1114 4160 1144 4224 ie
1163 4181 1233 4224 mu·
