3075 4825
438 191 496 256 sn
523 193 614 259 me.
643 195 696 256 u.
723 191 873 258 norun
1115 161 1199 268 545

64 348 250 410 llomur
291 353 436 428 superato
466 345 655 428 Hellesponti
684 343 767 408 l'reto
789 343 1070 430 Didynotoechom
1104 345 1202 409 advo·

62 431 159 509 lut,
190 429 232 490 ei
264 450 357 510 opem
374 427 510 507 laturum
533 432 586 512 qui
606 451 625 490 e
644 429 856 492 Cuntacnseno
875 429 1062 510 humanepac
1084 430 1203 512 magni·

66 517 146 574 lice
164 513 373 594 'excipitur‚
394 523 425 572 et
445 533 502 592 per
522 510 650 594 longum
670 521 788 594 tempus
808 511 924 574 frustra
945 523 1100 594 expectato
1122 515 1203 573 Cun-

64 608 275 656 tncuzcno
308 596 338 654 in
368 592 472 655 hsiom
500 596 681 661 revertitur.
713 595 797 658 unde
817 595 857 656 uh
878 595 929 657 illo
949 604 1089 657 evocutns
1110 617 1204 678 opem

69 680 178 756 fert,
208 689 251 739 ct
275 675 435 738 auxiliares
454 677 559 758 copias
581 678 609 740 oi
629 677 763 741 adducit.
786 699 857 740 cum
872 697 947 740 vero
959 677 1090 760 Smyrna
1111 679 1204 739 aha.

68 765 168 822 tinis
210 771 316 840 copto
347 759 468 836 fuisset,
502 779 571 820 eam
603 772 840 842 oppugnaturus
860 761 1008 822 Amurius
1028 761 1116 838 abit,
1137 761 1205 822 sru-

73 855 243 927 struque
268 853 375 908 tentet.
394 843 572 923 imperatrix
602 843 639 904 nd
661 843 841 906 Orchanem
861 842 972 905 auxilia
993 853 1136 926 rogatum
1157 842 1206 904 le-

75 939 191 1010 gatos
219 927 326 986 mittit
356 934 388 986 et
407 923 515 986 foedus
538 946 610 986 cum
629 947 665 987 eo
686 927 761 1004 init3
783 927 870 1010 quod
889 926 1118 987 Cantacnzenus
1141 927 1206 986 Or·

84 1011 212 1072 chone
245 1009 281 1070 iu
299 1019 487 1089 pertenues
505 1019 605 1070 tracto
620 1012 837 1090 internmpit3
859 1011 1033 1092 iterumque
1043 1007 1207 1070 hmurium

82 1105 127 1154 ut
154 1091 234 1154 sibi
273 1111 364 1172 opem
399 1090 477 1152 ferat
507 1091 643 1158 ecceruit.
683 1092 839 1173 Apocuiaci
861 1091 969 1153 deinde
986 1092 1147 1153 consilium
1167 1093 1208 1154 de

83 1173 296 1236 extruendo
316 1193 440 1235 carcere
459 1183 599 1236 secutum
621 1184 682 1251 cst,
711 1186 744 1238 et
769 1173 880 1238 caedes
902 1173 983 1236 illius
1011 1172 1050 1236 ab
1070 1177 1208 1250 incarce-

87 1261 183 1322 ratis
208 1266 353 1338 patratu.

193 1339 244 1400 P.
262 1359 315 1414 aa,
334 1335 380 1405 16.
402 1335 438 1398 ἐκ
457 1337 566 1417 γένους
581 1332 712 1422 Primii]
731 1338 826 1402 Unde
847 1359 942 1423 genus
959 1337 1078 1400 duxerit
1092 1337 1209 1402 Raulus

91 1424 168 1500 ille,
186 1443 267 1484 non
289 1421 365 1482 mihi
387 1430 515 1488 mactat.
539 1419 697 1482 cnimdam
716 1421 852 1484 eiusdem
874 1423 1006 1484 nominis
1021 1423 1209 1486 mentionem

92 1507 180 1567 fucit
196 1507 365 1586 Gregoras
382 1503 435 1570 lih·
452 1503 606 1566 dduohus
621 1507 653 1564 in
674 1504 758 1581 locis,
779 1505 867 1589 quia
888 1505 1051 1567 Muzalona
1072 1507 1210 1568 relictum

94 1587 346 1661 Theodoram,
381 1585 538 1648 Michaelis
570 1589 769 1668 imperatoris
797 1609 833 1650 es
852 1590 917 1650 eins
949 1609 1057 1650 sorore
1078 1586 1210 1670 Eulogia

99 1686 268 1767 neptem,
297 1691 424 1732 uxorem
445 1669 549 1732 duxit:
583 1663 661 1750 your)
685 1667 721 1730 dd
741 1665 895 1772 πρότερον
913 1670 971 1734 τοῦ
991 1665 1210 1744 Μουζάλωνος

62 1790 63 1793 =
97 1775 164 1815 του
191 1745 511 1830 πρωτοβεστιαρὼυ,
546 1743 677 1829 ὕστερον
697 1746 827 1814 καὶτοῦ
850 1747 958 1812 Puodl.
978 1753 1211 1830 πρωτοβτσττα-

62 1866 64 1880 ·
101 1833 188 1916 ρίου
212 1833 276 1894 κατ’
293 1829 394 1894 odensi
411 1832 588 1911 γενομένου.
606 1844 638 1894 et
657 1833 739 1894 infra
761 1834 857 1896 refert
874 1834 1106 1896 Constantinum
1126 1835 1209 1896 Por.

99 1915 365 2000 phyrogeuitum
384 1913 476 1974 Bauli
496 1913 591 1977 liliam
620 1935 747 1976 uxorem
768 1917 899 1982 duxisse.
941 1915 1096 1978 Phraates
1115 1916 1209 1979 lino

62 2043 64 2049 ·
104 2023 136 2061 c.
162 1999 209 2059 23
233 2007 267 2058 et
286 2001 327 2062 25
347 1997 473 2080 Georgii
501 1995 594 2058 Rauli
625 2000 684 2058 viri
705 1997 865 2060 nobilitate
885 2000 1003 2084 generis
1023 1998 1124 2060 eximii
1144 2021 1211 2058 me-

62 2124 66 2132 =
105 2081 235 2158 minit‚
276 2080 332 2162 qui
362 2101 438 2145 num
478 2100 515 2144 es
537 2079 645 2143 eadem
675 2093 766 2162 geute
795 2091 885 2145 onus
916 2079 1013 2144 luerit
1039 2101 1103 2144 uon
1133 2080 1210 2142 mihi

66 2212 70 2218 .
110 2171 259 2228 constat

203 2245 252 2307 P.
264 2246 314 2322 st,
325 2243 359 2306 8.
379 2236 397 2304 o‘
412 2239 533 2322 πατρὸς
551 2238 668 2328 πατὴρ]
689 2245 734 2308 Ex
747 2244 806 2308 hoc
819 2239 888 2306 loco
907 2243 1052 2308 discimus
1062 2244 1212 2306 historias

111 2330 215 2391 huius
239 2339 399 2390 auctorem
413 2349 447 2388 ex
458 2328 616 2390 Ducarum
630 2329 757 2411 antiquo
769 2337 859 2413 gente
878 2328 1028 2410 originem
1048 2339 1211 2410 paternam

63 2434 75 2475 s
116 2414 270 2491 duxisse3
293 2433 328 2473 es
351 2434 413 2494 que
435 2411 476 2472 im
516 2424 632 2475 ratores
657 2411 781 2495 aliquot
798 2409 860 2473 orti
881 2422 971 2488 sunt,
993 2411 1212 2473 Constantinus

63 2526 68 2540 ·
115 2497 246 2571 Duces,
269 2492 423 2571 Michuel,
444 2497 568 2557 derina
589 2494 795 2577 Murzuphlus
818 2494 937 2567 dictus,
960 2504 991 2555 et
1011 2504 1143 2575 quartus
1156 2494 1210 2553 lo.

70 2604 75 2618 ¹
119 2576 243 2640 haunes
274 2577 400 2639 Vatncia
431 2578 682 2659 cognominatum
707 2578 732 2639 si
751 2588 853 2638 tamon
874 2575 925 2637 hic
942 2596 977 2638 ex
997 2576 1102 2637 eadem
1121 2588 1211 2658 gente

119 2673 213 2723 ortus
235 2662 294 2737 sit,
328 2682 422 2742 quem
442 2660 686 2743 Didymotoecho
706 2660 877 2723 oriundum
896 2678 931 2720 ex
953 2659 1086 2741 Georgio
1106 2661 1210 2742 Logo·

70 2790 76 2807 .
122 2744 210 2807 theta
231 2764 328 2825 supra
347 2742 387 2803 ad
408 2764 474 2825 cap.
494 2744 700 2807 Sdidicimns.

206 2828 250 2895 P.
264 2823 314 2903 24,
326 2848 358 2909 p.
381 2826 455 2907 Cap.
466 2826 496 2889 6.
511 2828 598 2905 Quae
611 2828 673 2907 hoc
683 2827 783 2911 cupite
793 2824 896 2887 Duces
910 2834 1047 2897 enarrat,
1062 2823 1210 2887 videntur

121 2911 230 2992 potius
265 2918 336 2968 unte
358 2907 513 2989 Apocuuci
532 2923 663 2972 mortem
691 2931 785 2993 quam
814 2918 919 2989 postea
940 2906 1103 2981 occidisse,
1124 2928 1207 2969 auno

125 3012 236 3075 nempe
257 2990 359 3067 6850,
385 2990 500 3051 Christi
523 2992 624 3070 1542,
659 3013 722 3075 quo
741 3003 881 3072 tenpore
904 2988 1053 3051 lohannes
1074 2992 1209 3073 impera·

69 3117 77 3149 ;
124 3086 177 3136 tor
206 3072 412 3153 Palaeologns
439 3094 536 3134 annos
556 3074 586 3133 X
616 3086 708 3135 nutus
736 3084 826 3151 eret,
854 3074 904 3133 cui
930 3074 1023 3135 aetati
1054 3072 1208 3155 impuberi

70 3202 75 3235 ,·
128 3159 317 3219 conveniunt
336 3156 431 3217 verba
449 3154 501 3217 illo
522 3150 542 3235 ἡ
562 3151 644 3237 cipp}
665 3155 699 3216 ἐν
718 3152 885 3239 ὖττομαζίῳ
907 3166 961 3217 etc.
982 3167 1054 3239 post
1073 3162 1208 3218 mortem

71 3282 76 3293 ,
130 3243 210 3301 enim
230 3240 387 3321 Apocauci
414 3261 476 3299 non
502 3239 595 3321 longo
616 3250 753 3319 tempore
777 3238 898 3318 Cpolim
917 3240 1069 3321 ingressus
1086 3248 1133 3301 est
1152 3242 1207 3301 lo.

71 3374 80 3404 ἱ
130 3321 244 3384 hanneo
264 3324 492 3384 Conlacuzenus
511 3341 593 3381 nono
615 3320 720 3399 6855,
743 3320 858 3381 Christi
887 3320 982 3404 1547,
1005 3344 1067 3404 quo
1088 3334 1206 3403 tempo-

131 3427 165 3467 re
188 3403 383 3485 Palaeologus
403 3427 502 3467 annos
522 3404 587 3465 lere
609 3405 670 3465 XV
687 3415 776 3468 natus
794 3412 881 3481 erat,
902 3425 959 3466 noc
978 3406 1108 3487 amplius
1128 3423 1208 3487 puer

78 3533 83 3571 3
133 3488 242 3549 lactens
260 3486 494 3571 balbutiensque
517 3485 664 3567 appellari
685 3497 819 3569 poterat.

74 3637 75 3640 Ἴ
214 3568 252 3629 Ρ.
264 3572 313 3644 25,
334 3590 360 3629 ι.
379 3568 450 3630 τότε
472 3562 775 3652 ὄΚαντατουζητός]
799 3570 932 3632 Hortatn
946 3591 1076 3647 suornm
1089 3568 1207 3631 amico.

74 3651 79 3720 ζ
137 3676 204 3714 rum
216 3650 411 3732 imperatoria
426 3660 605 3715 ornamenta
623 3654 721 3713 induit
732 3654 970 3725 Cantacuzenns,
985 3654 1122 3735 crepidas
1132 3656 1207 3713 seri·
1216 3678 1242 3732 p¹
1255 3694 1306 3749 ,Ψ

75 3723 83 3806 s
139 3756 186 3797 ons
194 3734 324 3795 coccinei
335 3756 387 3795 neu
396 3735 544 3816 purpurei
557 3732 682 3811 coloris,
696 3757 776 3817 quae
788 3736 915 3818 insignia
926 3736 1052 3798 fuenmt
1062 3738 1101 3798 uh
1114 3738 1208 3817 impp.

76 3815 81 3912 ἑ
140 3816 299 3913 Cpolitanis
336 3832 492 3916 usurpata.
539 3818 675 3877 Zonaras
695 3829 775 3912 tom.
794 3818 819 3913 '3
846 3818 886 3879 de
912 3816 1046 3880 Basilino
1072 3818 1209 3903 quodam

80 3953 87 4054 ζ
142 3922 248 4044 {tlt
265 3910 418 4045 llll?
419 3903 693 4065 liuhidi?
695 3899 1113 4066 ¹⁰1¹issiofu¹l⁰2⁰iii¹i⁰el¹ii
1123 3922 1211 4063 1³23}

144 4065 334 4147 προσέταττεν
361 4058 601 4149 ὑποδήσασθαι,
633 4060 688 4127 κατ’
714 4064 851 4145 βασιλέα
871 4062 988 4149 desint.
1019 4066 1104 4129 dedit
1121 4069 1152 4129 ei
1166 4066 1210 4146 (id

237 4182 335 4239 Duras·
769 4259 772 4263 ἱ
1035 4183 1070 4238 35
