3075 4825
350 322 441 439 396
710 354 849 419 nthAE
887 351 1088 449 nrsronn

348 510 397 572 far
415 508 471 571 diii
492 518 562 573 ente
585 504 783 592 inquisitione
811 510 851 573 de
879 506 1089 571 l'interfectori
1113 505 1152 569 de
1169 526 1225 568 cuo
1245 502 1395 582 fratello3e

349 530 497 656 trovetoit
525 592 597 654 tutti
622 594 727 685 effre,
756 606 789 655 ct
819 590 987 655 mendatoli
1015 593 1043 653 al
1070 590 1139 653 loco
1155 590 1203 649 nel
1221 589 1301 671 ‹prale
1318 588 1395 649 haren

304 698 338 754 9¹
351 686 486 739 amazate
513 666 730 754 Muenitdaoo‚
759 676 938 759 congregati
971 676 1044 737 tutti
1066 674 1088 736 li
1112 672 1214 733 villani
1231 671 1276 731 del
1295 670 1395 745 coele,

350 770 382 823 et
403 758 502 843 legato
520 758 681 820 chadauno
704 758 785 821 colla
803 782 857 820 aua
877 760 989 821 semina
1009 768 1039 819 et
1059 778 1117 819 con
1139 758 1151 816 i
1174 758 1216 816 soi
1236 750 1329 835 figlioli
1347 752 1396 812 icor

347 862 466 905 eernere
493 842 525 902 in
554 841 578 903 li
605 845 649 903 eoi
676 844 886 919 tabernaculi,
917 852 949 903 et
968 851 1078 902 mettcr
1106 840 1174 900 foco
1198 849 1229 898 et
1249 838 1362 897 irrorare
1379 835 1396 894 li

346 924 453 1009 figlioli
480 946 541 987 con
570 924 594 986 li
626 928 754 1008 genitori
784 938 814 987 et
836 925 969 1008 parenti,
991 923 1013 984 li
1033 920 1214 1000 casamenti,
1236 931 1264 981 et
1283 920 1317 979 de
1333 927 1396 977 tutta

345 1006 379 1071 la
399 1006 472 1069 vilia
493 1008 557 1069 lece
578 1029 687 1069 cenere
708 1020 738 1069 et
766 1009 903 1090 poluere.
945 1011 1062 1087 Questo
1083 1006 1116 1067 io
1139 1004 1167 1065 el
1188 1003 1319 1065 sacrifitio
1337 1000 1396 1061 ch'el

346 1100 362 1152 t
383 1111 479 1151 ranno
489 1089 555 1153 fece
570 1090 709 1153 al’anime
727 1093 766 1152 de
781 1114 836 1152 eno
853 1091 982 1152 fratello.
995 1092 1110 1167 Queste
1126 1088 1234 1148 lorono
1247 1086 1275 1147 le
1286 1083 1396 1167 primitia

371 1170 430 1235 elle
447 1194 539 1256 opere
559 1173 723 1257 nephande
752 1173 832 1235 della
853 1196 906 1236 sua
929 1178 990 1235 rita
1011 1173 1126 1237 sutura.
1168 1167 1324 1231 Convoeati
1341 1166 1397 1226 tutti

347 1252 373 1319 li
392 1256 517 1338 primati
539 1255 578 1318 de
598 1259 727 1336 Tratle,
748 1257 787 1319 de
808 1258 988 1319 illacedonia
1007 1266 1040 1317 et
1060 1255 1138 1316 delle
1157 1252 1234 1314 altre
1251 1251 1396 1333 provintie,

346 1338 410 1401 deli
434 1339 517 1421 quali
537 1339 652 1401 havnte
666 1344 766 1422 prima
788 1339 926 1422 plenaria
944 1338 1157 1407 obhedientia,
1180 1331 1338 1428 congregati
1355 1332 1397 1413 poi

347 1422 380 1565 {p
399 1420 491 1567 pletipp
504 1420 641 1567 ,conalipio
671 1444 728 1566 opu
748 1424 871 1567 sitlenpio
905 1436 937 1529 et
960 1423 1147 1565 attepitione,¹
1168 1421 1268 1561 iliceos
1286 1434 1397 1558 monete

369 1526 441 1567 eu
502 1524 534 1565 ιη
566 1526 583 1567 a
611 1526 1019 1570 oaorosaoocosrcon
1047 1524 1170 1565 onano
1210 1522 1272 1566 rese.
1349 1516 1397 1555 nn

347 1588 439 1663 torri,
460 1586 548 1649 amici
570 1598 600 1649 et
619 1591 800 1671 compagni,
822 1612 883 1651 non
906 1590 974 1650 dieo
994 1590 1091 1664 servi,
1118 1586 1158 1647 de
1178 1587 1237 1645 mio
1258 1580 1398 1665 petrele-

351 1690 391 1733 ne
411 1670 519 1733 berete
547 1675 739 1753 cognosciuto
767 1672 791 1733 li
809 1671 919 1755 flagelli
951 1682 983 1733 et
1001 1670 1032 1733 le
1051 1669 1201 1731 rastitede
1221 1668 1275 1727 che
1292 1667 1316 1725 le
1329 1670 1398 1744 parte

347 1752 388 1815 de
406 1754 479 1814 Asia
507 1754 547 1814 ha
578 1765 732 1815 sostenuto
752 1754 792 1815 da
812 1757 935 1828 Demir3
964 1765 995 1815 et
1014 1755 1066 1837 piir
1089 1752 1146 1814 che
1167 1752 1230 1811 mio
1251 1761 1325 1832 patre
1341 1744 1357 1804 li
1372 1744 1397 1802 io

347 1834 422 1898 dato
442 1856 528 1898 come
545 1838 645 1899 noello
663 1836 744 1898 nelle
770 1856 869 1899 mane.
918 1837 999 1899 Altri
1020 1858 1084 1897 non
1104 1835 1136 1896 fo
1156 1835 1214 1895 che
1228 1833 1330 1893 facesse
1344 1826 1397 1886 de-

346 1918 475 1981 eendere
497 1920 517 1981 li
538 1920 685 2000 Tartari,
717 1920 738 1981 li
759 1921 843 1982 Persi
860 1932 890 1982 et
910 1921 990 1983 altre
1012 1930 1101 1981 aente
1120 1930 1243 1979 externe
1265 1919 1294 1975 in
1316 1911 1340 1971 le
1354 1930 1398 1968 no·

347 2011 411 2064 etre
432 2002 616 2065 habitatione
644 2002 702 2065 ebe
721 2003 985 2085 Constantinopoli
1013 2024 1072 2065 con
1097 2001 1193 2085 quelli
1224 2000 1278 2059 che
1301 1997 1329 2057 ia
1345 1988 1398 2074 qud

346 2095 449 2167 tempo
476 2086 681 2168 imperarano.
736 2088 779 2148 Et
805 2089 867 2148 rnin
903 2088 1024 2149 fratello
1043 2085 1170 2149 essendo
1193 2090 1302 2157 veneto
1317 2080 1399 2159 signo?

346 2168 387 2230 de
406 2170 515 2230 'fracia
544 2178 576 2231 et
596 2169 635 2231 de
656 2169 748 2231 molti·
761 2170 832 2233 altri
851 2170 947 2247 lechi,
976 2171 1016 2231 ne
1033 2192 1052 2230 a
1075 2168 1128 2229 dio
1148 2168 1189 2228 ue
1208 2166 1238 2227 al
1256 2176 1335 2248 patre
1349 2176 1399 2218 mo-

347 2250 415 2313 atro
436 2254 497 2313 mni
525 2272 614 2333 apocr
643 2255 682 2314 ne
708 2253 799 2335 picti.
838 2255 916 2315 Sele
937 2255 1036 2314 lecitov
1051 2274 1070 2313 e
1089 2251 1171 2330 dire,
1195 2270 1246 2311 era
1266 2244 1398 2308 derentelo

345 2354 433 2397 meno
452 2335 566 2414 Gauro,
590 2334 647 2399 che
669 2338 702 2397 in
724 2336 838 2401 Latino
857 2336 993 2420 significa
1011 2334 1143 2399 infidele.
1186 2334 1228 2394 Et
1248 2352 1299 2414 per
1318 2332 1400 2409 quw⁰

345 2417 401 2480 dio
422 2417 571 2480 luheren
591 2419 822 2498 abbandonam,
844 2430 877 2483 et
893 2421 934 2482 ha
951 2420 1025 2482 date
1044 2421 1074 2482 la
1093 2417 1190 2500 epede
1212 2417 1259 2477 del
1279 2408 1400 2494 propter

346 2499 380 2561 io
401 2499 430 2562 lc
450 2503 509 2561 mie
530 2521 619 2562 mane
638 2522 695 2584 per
712 2503 841 2587 tagliare
860 2502 883 2566 li
905 2503 997 2566 Gauri
1018 2514 1049 2564 et
1067 2502 1202 2564 exaltare
1221 2499 1243 2560 li
1263 2493 1401 2558 Morum·

347 2585 391 2648 ni.
433 2581 476 2644 Et
495 2603 552 2666 per
573 2593 662 2646 tanto
683 2605 745 2646 non
772 2587 792 2648 e
813 2588 896 2650 inato
917 2587 956 2649 ne
977 2585 1120 2648 eonvenai
1139 2583 1199 2646 che
1216 2577 1401 2644 Constanlifll·

304 2661 433 2760 mpii,
448 2671 541 2727 tanto
559 2667 725 2729 excellente
745 2669 817 2747 citt,
837 2681 869 2732 et
887 2660 931 2733 le⁸
944 2668 1045 2732 citade
1065 2666 1292 2742 Macedoniehc,
1310 2670 1338 2723 ct
1351 2676 1401 2716 ml·

346 2759 529 2810 armamente
548 2749 723 2824 Saloniohi‚
762 2751 820 2812 cire
841 2773 900 2814 eon
919 2763 1006 2815 tanto
1024 2750 1137 2814 endere
1152 2748 1271 2834 aquiati)
1288 2748 1343 2806 nio
1360 2759 1401 2821 l*

346 2839 412 2908 tre,
446 2851 479 2892 se
500 2832 631 2894 bahiano
661 2854 680 2894 a
707 2835 865 2916 possedere
889 2836 930 2898 da
956 2834 1082 2898 infideli.
1121 2835 1165 2896 Et
1186 2835 1297 2896 sicone
1314 2819 1400 2889 eluit)

346 2921 435 2996 petre
459 2913 481 2976 li
501 2913 608 3020 templi
628 2913 688 2977 deli
710 2916 788 2978 idoli
808 2919 874 2980 fece
893 2917 1000 3002 templi
1019 2919 1100 2980 aacri
1116 2917 1157 2978 de
1176 2914 1231 2980 dio
1251 2925 1282 2976 et
1300 2907 1344 2973 dei
1357 2921 1401 2967 πθ

361 3077 368 3100 ,
407 2997 494 3094 feta,
513 3019 598 3079 coar,
620 3019 653 3060 ee
674 2999 762 3061 adio
781 2999 919 3082 piaeerd,
939 3001 1144 3145 pellacia,
1164 3009 1266 3062 matre
1287 2995 1402 3055 denne

370 3079 448 3142 altre
467 3083 587 3164 crtade,
608 3082 723 3144 faremo
740 3094 871 3162 nostre,
902 3097 933 3148 et
964 3107 985 3145 o
1007 3085 1203 3146 interfectore
1232 3082 1271 3144 de
1286 3077 1344 3138 mie
1361 3091 1402 3154 pa-

346 3171 398 3223 tre
431 3162 546 3226 secerno
576 3167 666 3228 venir
693 3176 777 3229 sotto
800 3167 840 3229 de
858 3171 931 3248 noi;
950 3178 982 3229 et
1007 3165 1030 3228 li
1045 3167 1151 3248 templi
1173 3165 1230 3228 che
1246 3181 1319 3225 aono
1336 3151 1401 3217 inl!

347 3243 446 3341 citade
473 3245 652 3328 imperiale,
684 3250 764 3312 colle
790 3261 896 3313 nostre
927 3252 1049 3313 virtnde
1071 3249 1190 3311 ieremo
1211 3268 1278 3310 case
1293 3243 1329 3304 de
1344 3255 1402 3300 on·

346 3337 442 3389 trone.
490 3329 613 3393 Albona
638 3333 714 3394 tutti
743 3335 840 3418 quelli
859 3333 917 3396 cire
944 3335 1053 3395 attenti
1073 3343 1203 3394 etevano
1222 3330 1261 3391 ad
1282 3323 1402 3388 ascollm

324 3409 378 3472 ¹le
405 3410 566 3492 nephande
599 3417 717 3496 parole,
754 3435 841 3479 corne
866 3437 901 3478 se
930 3418 970 3478 da
988 3418 1040 3478 dio
1071 3415 1193 3477 fosseno
1210 3421 1340 3483 renate,
1358 3419 1400 3464 ⁰⁰⁰

347 3495 461 3576 grande
481 3496 627 3578 applauso
647 3496 675 3560 le
694 3499 799 3560 hanno
821 3511 972 3562 rezevote.
994 3501 1139 3561 Adnnato
1163 3498 1245 3559 adun
1287 3489 1400 3555 elua-

347 3580 442 3638 encito
470 3579 673 3661 primnmente
700 3582 834 3645 discerne
860 3583 889 3643 la
916 3583 1044 3662 Sernia,
1077 3582 1190 3664 perche
1224 3601 1261 3641 co
1300 3573 1399 3654 di⁸P⁰²⁰

346 3657 491 3738 Stefano,
521 3662 593 3724 fiolo
626 3663 664 3723 de
685 3665 822 3743 Lazaro,
854 3687 917 3726 non
945 3687 979 3727 ee
998 3664 1177 3727 accordave.
1216 3649 1400 3723 Deeonodo

346 3762 403 3823 per
424 3742 453 3804 le
476 3743 566 3823 ville,
590 3755 670 3808 tutte
692 3747 976 3811 lebellecreature
996 3746 1126 3811 debelii
1148 3749 1234 3829 corpi
1254 3737 1399 3828 prendfflr

349 3823 377 3884 el
399 3835 480 3888 reto
500 3839 579 3890 tutte
601 3851 753 3892 amanava.
792 3833 854 3892 Tre
873 3831 987 3894 castelli
1001 3853 1088 3914 prese
1108 3853 1163 3914 per
1179 3831 1262 3890 lorea
1281 3828 1317 3886 de
1332 3821 1400 3909 Μῦς

348 3907 428 4002 glia:
453 3911 474 3971 li
495 3910 650 3973 castellani
668 3915 740 3974 tutti
763 3914 825 3976 lece
844 3914 979 3996 tagliere.
1007 3918 1110 3998 Sopre
1131 3915 1153 3974 li
1172 3913 1256 3994 coepi
1277 3908 1313 3970 de
1329 3901 1401 3992 Cirn-

348 3992 438 4050 strani
458 3995 521 4055 fece
546 3994 725 4058 destcndere
739 3997 767 4058 le
786 4001 903 4076 tavole,
922 4009 954 4060 ct
974 3998 1195 4080 appareehiare
1215 4014 1276 4056 uno
1295 3991 1400 4051 eonv¹¹⁰

349 4067 468 4134 allieni
490 4076 611 4171 baroni.
651 4082 699 4142 Dc
719 4081 825 4142 Servio
851 4080 1006 4178 pertendo
1028 4081 1120 4144 tornd
1140 4082 1173 4140 in
1197 4063 1399 4150 Antenorei,

346 4147 429 4212 dove
449 4158 569 4222 subbato
603 4162 667 4224 lece
694 4165 913 4246 apparecbrare
940 4164 1108 4226 bombarde
1127 4173 1157 4224 et
1177 4154 1339 4243 arteglitri⁸
1355 4164 1399 4229 per

349 4251 492 4316 rompere
505 4240 534 4303 le
553 4263 641 4308 mura
654 4245 692 4308 de
704 4247 990 4332 Conamdnopoii.·
1008 4247 1122 4311 Mando
1140 4245 1238 4308 anche
1254 4259 1315 4306 uno
1330 4247 1397 4295 Μ·
