3075 4825
320 298 410 405 tes
554 357 558 367 ·
680 326 819 395 nucia
847 326 1045 394 maroam

320 478 414 542 veder
433 476 463 541 la
483 479 545 543 fine
563 476 612 543 del
633 498 689 542 suo
703 482 835 542 nemico.
856 480 994 543 Essendo
1013 477 1155 564 adunque
1173 477 1307 543 Peinsitli
1324 501 1388 543 con·

320 562 415 626 ducto
436 561 467 625 al
486 564 558 626 loco
575 563 655 625 dove
676 564 774 625 dovea
794 584 938 625 reserere
958 563 988 625 la
1008 574 1120 640 morte,
1141 564 1248 625 Zenait
1268 564 1388 648 limpro-

307 646 398 729 ‘pero
419 646 475 707 che
495 646 540 709 lui
561 669 612 710 era
634 648 778 730 magistro
803 648 843 708 de
864 645 973 729 taglier
993 648 1136 730 coglioni.
1155 647 1196 709 Et
1216 660 1319 731 questo
1337 646 1390 709 dis·

319 728 639 875 titt‘ellitlttm
654 752 782 877 iil?
797 729 833 875 il
853 726 1093 875 liiipllillffi
1115 730 1391 877 liphttritt

320 896 352 955 fo
373 895 494 978 tagliata
523 894 660 963 letesta.
702 836 795 980 Dapli
820 908 929 979 questo
950 835 982 959 li)
1000 834 1125 959 merilli
1148 858 1316 971 Coinesan,
1339 897 1392 958 frc-

320 976 396 1039 tello
418 979 457 1041 de
476 979 632 1059 Peinsith,
655 977 685 1041 al
705 981 778 1063 qual
801 979 988 1042 similmente
1015 1002 1047 1042 se
1067 980 1164 1041 dovea
1182 982 1291 1063 tagliar
1308 980 1335 1040 la
1353 990 1393 1040 te-

319 1071 379 1122 sta.
421 1064 473 1123 Ma
496 1064 604 1125 Zenait
624 1064 765 1127 vedendo
788 1064 890 1146 quello
914 1082 1028 1125 zorane
1048 1075 1078 1127 et
1098 1068 1282 1140 innocente,
1303 1084 1392 1123 mosso

320 1143 359 1205 ad
381 1144 584 1207 misericordia
605 1147 703 1209 disse:
724 1148 833 1209 lassate
846 1158 967 1230 questo,
986 1146 1097 1229 perche
1114 1168 1178 1209 non
1194 1147 1213 1207 t
1230 1167 1316 1207 como
1336 1144 1391 1205 l'al-

320 1237 370 1288 tro
391 1228 525 1295 crudele.
542 1250 600 1311 per
622 1228 651 1291 le
670 1250 725 1291 sue
754 1251 844 1291 mane
864 1242 928 1292 non
952 1231 970 1291 e
991 1230 1112 1291 anchor
1130 1230 1216 1291 facto
1235 1228 1319 1291 alcun
1337 1250 1393 1287 ma.

321 1309 359 1371 le.
380 1311 426 1371 sia
443 1311 586 1395 adunque
607 1314 669 1375 mio
690 1313 859 1398 redempto.
901 1315 931 1375 0
953 1322 1058 1374 mente
1076 1315 1181 1395 ignare
1207 1312 1259 1375 del
1284 1322 1334 1372 tuo
1351 1310 1392 1370 su·

318 1402 390 1453 turo
411 1394 504 1469 melei
547 1395 618 1456 Non
639 1416 749 1477 supera
769 1398 797 1459 el
821 1396 945 1458 dolente
958 1397 1066 1458 Zenait
1084 1398 1141 1457 che
1159 1396 1242 1457 dona
1262 1393 1388 1456 l’aiutaa

321 1476 514 1558 Crimesa,'el
542 1480 633 1561 quale
667 1479 764 1541 dovea
791 1480 921 1563 perdere
940 1480 970 1541 la
993 1482 1058 1541 vitu
1079 1498 1153 1563 sua3
1181 1490 1213 1540 et
1232 1487 1339 1561 quanto
1358 1477 1391 1535 ici
1469 1493 1470 1558 ᾗ

246 1584 249 1589 ·
322 1558 353 1619 lo
377 1558 508 1641 benigno
538 1572 570 1623 et
596 1563 664 1645 pio,
686 1570 776 1623 tanto
803 1566 832 1625 el
856 1584 912 1624 suo
934 1562 1093 1645 redempto
1115 1562 1149 1624 io
1173 1562 1268 1643 impio
1291 1572 1319 1623 et
1335 1581 1391 1619 cru·
1469 1609 1470 1616 ,

322 1640 399 1705 dele.
441 1644 480 1705 El
510 1644 633 1707 novello
668 1647 809 1728 principe
836 1646 967 1707 Mustela
997 1668 1055 1715 con
1076 1644 1191 1728 grande
1216 1644 1351 1727 superbia
1367 1648 1392 1701 ct

322 1747 435 1809 pompa
452 1727 536 1789 iutro
566 1729 598 1789 in
619 1728 822 1812 Andrinopoli
853 1750 912 1791 con
934 1740 1016 1790 tutto
1037 1728 1069 1790 lu
1091 1728 1237 1790 exercito.
1280 1728 1314 1786 Li
1330 1727 1391 1784 cita-

323 1809 388 1871 dini
407 1831 466 1871 con
487 1810 621 1894 alegresa
645 1820 677 1874 et
696 1812 772 1873 festa
787 1814 942 1874 usscirono
962 1812 1031 1873 fora
1052 1812 1091 1873 de
1103 1811 1133 1872 ln
1156 1811 1277 1890 citade,
1297 1807 1392 1869 andan·

267 1890 386 1953 sindolt
417 1896 573 1974 incontra,
601 1894 810 1957 benediceddo
843 1903 873 1957 et
895 1894 1050 1957 laudando
1077 1894 1106 1955 el
1130 1915 1226 1955 nome
1251 1912 1312 1956 suo.
1359 1886 1391 1962 El

323 1977 486 2038 castellano
516 1989 546 2040 et
580 1978 603 2038 li
621 1978 742 2039 custodi
765 1978 804 2040 de
825 1979 903 2040 utati
933 1977 981 2039 ala
1044 1977 1129 2039 ardia
1158 1976 1211 2038 dei
1231 1972 1346 2038 castello
1362 1972 1393 2030 de

323 2058 475 2143 Galipoli,
505 2061 646 2123 havendo
684 2063 783 2123 inteso
803 2002 833 2123 la
853 2062 980 2124 victoria
1026 2060 1216 2139 eMustasa,
1239 2080 1301 2119 non
1319 2052 1392 2116 liabi-

323 2144 404 2207 ando
425 2166 570 2227 speranza
590 2143 689 2226 poder
713 2145 877 2207 defendere
903 2145 933 2207 la
965 2146 1098 2217 forteza,
1132 2164 1191 2205 con
1214 2144 1290 2225 pacti
1309 2159 1392 2233 saup-

235 2253 243 2259 ·
325 2229 450 2290 mentali
478 2226 580 2289 hanno
609 2226 680 2289 dato
713 2228 742 2291 el
763 2228 897 2291 castello.
946 2226 1106 2289 Demetrio
1126 2225 1278 2287 Leondari
1298 2241 1394 2284 oomn-

326 2311 424 2372 zaudo
453 2310 494 2373 ad
515 2310 614 2373 sornir
635 2310 663 2373 el
685 2311 810 2374 castello
830 2311 900 2373 dele
927 2333 996 2373 cose
1015 2313 1202 2384 necessarie,
1225 2307 1262 2369 de
1281 2310 1394 2368 armori

327 2393 366 2455 de
389 2394 570 2470 munitione,
597 2416 654 2476 per
676 2415 768 2457 nome
789 2394 828 2456 de
846 2393 1057 2477 l'imperadore
1078 2392 1117 2455 de
1137 2382 1392 2471 Constanunopoli

328 2478 362 2536 in
382 2476 484 2558 quella
505 2476 583 2538 hora
610 2476 697 2538 ariri)
729 2479 853 2553 chait;
879 2489 909 2539 et
940 2477 1080 2540 havendo
1100 2478 1179 2539 vista
1200 2477 1230 2538 le
1249 2495 1314 2538 coac
1333 2471 1395 2532 satit

330 2569 361 2620 et
380 2560 409 2620 lo
428 2559 544 2642 populo
564 2559 780 2636 Turchescho,
802 2561 831 2622 el
849 2562 939 2643 quale
957 2583 1009 2622 ere
1028 2563 1060 2621 in
1079 2561 1109 2621 la
1129 2571 1212 2622 terra
1232 2558 1269 2621 de
1288 2553 1393 2634 Galipo-

329 2641 362 2720 li,
382 2641 477 2703 molto
498 2642 622 2703 turbato
644 2662 699 2723 per
719 2642 750 2704 lu
774 2646 925 2726 insperata
948 2647 1130 2722 mutatione,
1150 2641 1288 2704 concinnis
1307 2657 1392 2720 auter·

330 2733 471 2787 remense
492 2748 510 2786 a
528 2723 711 2806 reprendere
732 2739 763 2788 et
784 2729 936 2788 inzuriare
956 2728 1133 2803 Demetrio,
1154 2725 1302 2788 dicendo:
1322 2738 1393 2780 cca·

355 2809 601 2886 itanioDimitri,
623 2811 653 2868 io
671 2809 766 2872 credo
788 2810 845 2871 elie
866 2821 900 2870 tu
923 2811 1008 2893 pensi
1029 2811 1086 2871 che
1105 2809 1127 2870 li
1146 2807 1284 2890 periculi,
1305 2803 1395 2885 lique·

330 2829 354 2952 li
374 2889 506 2954 heremo
521 2893 679 2965 sostenuti,
702 2903 733 2953 et
754 2891 784 2954 la
801 2903 906 2954 nostra
921 2894 1083 2954 celeritade
1104 2892 1138 2952 in
1157 2891 1294 2975 expedire
1311 2886 1337 2948 le
1354 2903 1396 2976 cu·

331 2993 365 3035 se
384 2985 505 3052 nostre,
526 2975 657 3036 bavemo
678 2975 756 3037 iacto
776 2997 834 3059 per
853 2976 884 3037 la
903 2979 1096 3060 generatione
1110 2986 1141 3038 et
1162 2998 1220 3058 per
1239 2973 1271 3035 lu
1290 2973 1397 3060 imptu⁰

333 3055 373 3118 de
392 3057 494 3118 Greci.
515 3079 577 3128 non
602 3059 619 3120 e
640 3061 702 3120 cosi
709 3103 719 3136 ,
741 3079 793 3120 mn
819 3059 870 3120 noi
891 3059 1021 3122 havemo
1043 3059 1166 3120 laticato
1185 3080 1241 3142 per
1260 3075 1349 3118 essere
1366 3046 1396 3138 ¹¹⁶.

332 3137 432 3201 bereti
455 3140 585 3202 essendo
599 3145 724 3220 serrati,
747 3152 780 3204 et
799 3164 856 3225 per
876 3163 958 3204 esser
972 3144 1085 3226 signori
1105 3141 1231 3205 essendo
1251 3138 1334 3201 servi.
1350 3131 1397 3192 Not

334 3224 519 3285 existimemo
549 3224 607 3286 che
636 3228 698 3285 nori
727 3225 803 3286 siate
834 3229 906 3286 stati
940 3247 1056 3288 caxone
1075 3227 1127 3286 voi
1148 3225 1189 3285 de
1207 3233 1310 3308 questo
1326 3219 1396 3278 bene.

334 3305 387 3366 Ma
407 3305 467 3367 ben
489 3306 629 3368 credcmo
644 3307 701 3370 che
720 3306 845 3370 habiete
858 3310 985 3371 faticato
1007 3312 1038 3369 in
1053 3319 1159 3391 questa
1177 3307 1338 3368 mutatione
1355 3313 1397 3378 per

335 3387 366 3449 la
397 3388 527 3450 volanti
557 3389 596 3452 de
628 3391 701 3470 dio,
721 3402 752 3452 et
784 3390 863 3453 delle
891 3392 1003 3453 fatiche
1024 3392 1081 3454 che
1102 3393 1154 3453 roi
1174 3403 1205 3452 et
1222 3388 1275 3452 noi
1290 3385 1399 3446 harenc

180 3545 185 3554 ¹
279 3481 327 3536 15³
336 3471 466 3550 durato,
490 3473 630 3533 referimo
653 3475 747 3555 gratie
767 3474 797 3535 al
817 3475 884 3536 solo
899 3475 962 3538 dio.
984 3475 1038 3535 voi
1060 3495 1097 3535 ve
1117 3475 1225 3536 dovete
1246 3473 1396 3554 contum?

336 3553 419 3615 della
431 3567 536 3616 nostra
546 3556 677 3617 amicitia
689 3567 721 3618 et
733 3557 805 3618 delli
818 3558 892 3619 doni
906 3557 1065 3618 sufficienti
1075 3557 1133 3618 che
1147 3557 1257 3617 havete
1276 3554 1394 3612 meruti

336 3637 390 3697 Ma
411 3639 515 3700 volere
534 3637 572 3699 da
601 3641 655 3700 noi
677 3639 777 3701 citade
799 3663 819 3701 o
839 3639 979 3718 castelle,
1000 3652 1107 3722 questo
1128 3628 1395 3719 maspetum-13³2
1469 3696 1470 3711 ,

336 3729 383 3780 ste
403 3743 421 3780 a
441 3731 472 3782 te
492 3722 549 3783 che
572 3731 661 3784 torne
679 3725 750 3784 vivo
771 3745 790 3782 a
814 3723 1094 3805 Constantinopoli.
1117 3703 1395 3782 Recordandotidelh
1469 3748 1470 3751 ¹

337 3801 409 3862 muli
429 3807 565 3867 recevuti
581 3809 612 3866 in
628 3807 748 3888 Lymno
766 3817 797 3867 et
815 3807 894 3867 delle
913 3809 1024 3867 iniurie
1037 3804 1109 3868 delli
1130 3804 1261 3865 Caloieri
1281 3795 1325 3859 nel
1343 3809 1396 3851 τοῦ·

337 3887 471 3948 nucerio
491 3888 529 3949 de
551 3889 815 3965 Pammscaristo,
844 3899 879 3950 tu
900 3889 951 3949 hai
970 3891 1051 3950 bona
1073 3891 1168 3971 gratia
1192 3896 1297 3969 portar
1313 3877 1338 3937 la
1355 3882 1394 3929 1¹¹³
1469 3924 1470 3927 η

338 3973 425 4025 lesit·
468 3971 517 4030 Tu
536 3971 588 4032 hai
606 3974 714 4049 Euro,
747 3981 842 4032 vento
875 3971 964 4033 dolce
983 3983 1013 4033 et
1033 3971 1175 4034 secondo.
1218 3967 1293 4028 Vota
1313 3963 1394 4043 Pti⁵l⁰

340 4065 359 4102 a
380 4045 655 4136 Constantinopoli.
677 4055 782 4116 Saluta
804 4055 834 4117 lc
855 4056 1028 4134 imperador
1046 4055 1086 4114 de
1106 4065 1191 4137 porte
1209 4059 1313 4111 nostra.
1349 4037 1393 4093 θ’·
1469 4092 1470 4097 ,

339 4125 429 4219 ceteli
449 4131 504 4193 che
520 4137 572 4196 dio
593 4139 633 4198 lia
654 4139 769 4200 donato
794 4161 812 4197 a
831 4140 881 4199 nol
897 4136 926 4196 la
951 4139 1096 4219 signorm.
1124 4140 1174 4198 Sia
1201 4133 1330 4209 adunque
1346 4133 1392 4206 ⁰⁰¹⁰
1469 4146 1470 4155 ¹

340 4227 394 4269 noi
414 4205 444 4271 la
465 4233 541 4295 pace
559 4240 613 4280 sua
634 4231 666 4284 et
685 4243 743 4283 con
768 4221 813 4284 lui
832 4220 863 4284 la
882 4241 956 4306 pace
979 4230 1095 4284 nostra
1139 4211 1301 4280 Domaudal
1318 4199 1387 4265 Gal·
