3075 4825
473 237 715 306 cunoureeu
745 243 888 304 nnnvn
1132 213 1214 300 525

103 393 170 456 καί
194 389 284 456 κατά
302 389 359 454 τὸν
374 390 464 473 λόγον
484 393 542 454 τοῦ
560 389 708 474 Ἐβραιόυ
730 393 932 472 ἐβασίλευσεν
939 441 949 472 ,
971 397 1025 457 καί
1044 396 1107 457 τοῖν
1130 415 1215 458 στοι-

102 495 221 574 χείων
245 484 489 576 ἀριθμουμένων
511 489 628 575 eripi-‘iq
650 491 778 574 άληθῶς
797 491 815 552 ὁ
831 491 982 574 Ἑβραῖος.
1020 483 1118 576 ἦλθεν
1138 494 1174 556 δὲ
1196 485 1216 553 ὅ
1273 555 1281 570 x

98 589 285 674 Ἑβραῖος,
316 593 372 654 καί
398 586 530 674 αἰτήσας
557 587 612 654 τάν
640 592 742 676 λοφάν
768 588 849 656 κατά
881 591 916 654 τὸ
952 589 1137 676 ίιλιόγραφον
1157 593 1215 656 roii

104 684 279 772 οἶφεντός,
302 691 358 752 καί
380 687 486 769 λαβών
507 687 587 752 αὐτὸ
619 686 676 752 καί
695 681 793 764 άλλας
816 694 960 765 πλείστας
980 690 1085 770 τιμάς.
1129 691 1213 774 ἦρά-

73 791 199 868 5τιξεν
224 789 263 852 δὲ
285 785 383 851 αὐτόν
403 789 477 870 περί
494 791 550 871 τῆς
568 791 732 868 βασιλείαις
753 781 855 852 adteri
873 791 907 852 τί
922 791 1030 866 μέλλει
1050 790 1212 870 γενέσθαι.

102 885 122 950 ὃ
147 887 190 950 δὲ
216 886 365 970 Ἑβραῖος
393 880 415 968 ἢ
432 887 525 972 κακίρ
557 884 755 972 φερόμενος,
779 879 801 970 ἢ
823 889 878 952 καί
897 880 1026 970 άληθῶς
1045 883 1088 960 ὥς
1108 888 1213 952 ἐδιδά-

102 1007 235 1050 σκετον
272 980 334 1048 rino
362 984 417 1060 τάς
446 986 598 1064 μαντείαις
628 987 730 1050 ου’τυῦ
744 1031 755 1066 ,
786 981 848 1072 ἔφη
877 980 926 1049 ὅτι
948 983 978 1047 oi
1002 987 1211 1069 Χριστιανοί,

104 1082 198 1148 ὅπου
237 1077 321 1148 εἶναι
355 1084 400 1158 είς
424 1082 482 1167 τὴν
511 1080 622 1166 πόλιν,
651 1086 759 1164 μέλλει
789 1083 827 1148 νά
848 1069 1001 1166 ποιήσουν
1030 1080 1142 1148 στάσιν
1159 1085 1214 1150 καί

103 1186 257 1264 βασιλέα
275 1177 363 1259 ὅστις
386 1177 437 1246 ἔνε
457 1182 514 1266 τὴν
534 1178 670 1268 σήμερον
690 1184 736 1258 εἰς
755 1179 812 1267 τήν
831 1183 943 1262 πόλιν,
965 1179 1021 1246 καί
1042 1181 1134 1247 αὐτοί
1150 1183 1212 1249 σάν

56 1325 95 1366 ,0
105 1277 205 1371 αάτῷ
227 1280 269 1346 νά
300 1279 495 1346 στασιάσουν
523 1281 606 1346 κατά
628 1285 689 1346 τοῦ
709 1285 770 1346 σοῦ
793 1279 946 1366 κράτους,
970 1279 1024 1345 καί
1043 1280 1095 1346 διά
1121 1285 1211 1348 reiro

103 1379 234 1467 πρόϊθε
266 1381 288 1464 ἦ
310 1375 462 1463 ’βασιλεία
491 1402 550 1446 σου
569 1379 609 1446 νά
632 1379 709 1456 ‘code
727 1379 848 1468 κόψῃς,
872 1381 924 1446 ἵνα
942 1378 987 1463 μὴ
1009 1384 1155 1467 τελέσουν
1174 1380 1208 1448 τά

104 1478 221 1563 ἔργον.
266 1477 345 1544 ert
366 1477 559 1563 συμβούλιον
589 1481 715 1565 ἐποίησε
734 1481 815 1562 μετά
836 1483 897 1546 ταῖν
917 1477 1211 1564 πρωτοσυμβοάλαν

105 1581 232 1660 αὐτοῦ,
254 1581 307 1644 ἵνα
327 1576 410 1667 κόψγγ
428 1577 502 1654 τοὺς
521 1575 746 1665 Χριστιανούς.
788 1580 848 1644 καί
861 1601 908 1654 τις
928 1581 964 1644 εἰι
984 1582 1046 1644 ταῖν
1058 1579 1211 1663 μεγιστά-

104 1704 174 1744 νων
191 1679 302 1743 adreci
315 1673 446 1758 ὀνόματι
458 1683 550 1762 Πυρι
569 1681 728 1754 Μιτασιιῖς
746 1671 905 1758 άττὲκοψεν
916 1677 1015 1743 αιλτὸν
1033 1683 1089 1763 τῆς
1109 1679 1211 1762 adroic

58 1780 268 1861 Ι5άθίσμου
291 1779 346 1840 καί
366 1772 476 1840 άιλίκου
497 1773 621 1860 ὁρμῆς,
649 1775 747 1842 εἰπάν
766 1777 851 1863 αὐτῷ
871 1775 1048 1856 ,,σουλτάνε
1062 1799 1144 1858 μου,
1168 1771 1207 1842 τά

103 1880 256 1942 τοιαῦτα
278 1872 399 1957 μεγάλα
413 1872 585 1957 πράγματα
606 1872 669 1937 dni
689 1876 768 1938 θεοῦ
784 1878 881 1940 εἰσιν·
924 1877 979 1939 καί
1002 1877 1033 1940 εἰ
1048 1878 1107 1956 μέν
1128 1877 1247 1958 ciarev,
1260 1907 1307 1962 16³

103 1974 174 2040 άτιό
197 1976 292 2054 θεοῦ,
315 1973 354 2036 οὗ
376 1970 542 2052 δυνάμεθα
561 1974 794 2055 ε’ναντιηθῆναι,
812 1974 864 2039 ἵνα
884 1972 928 2058 μή
940 1971 1135 2057 ἐάρεθάμεν
1153 1977 1210 2038 καί

104 2068 297 2154 θεομάχοι·
344 2073 373 2136 εἰ
392 2073 429 2136 δέ
449 2073 529 2136 εἰσιν
550 2073 583 2149 ε”ξ
611 2072 809 2156 α’νθράιιαιν,
829 2063 911 2159 άφες
931 2072 1017 2158 ἡμεῖς
1036 2071 1111 2149 τούς
1132 2069 1206 2136 dori-
1300 2149 1303 2158 ι

105 2179 187 2247 λυυς
209 2193 285 2251 σου,
308 2173 360 2235 ἳνα
379 2168 552 2254 ποιήσομεν
575 2168 634 2252 τὴν
656 2171 826 2259 ἐκδίκησιν.

199 2267 311 2356 Τούτῳ
326 2271 371 2356 τρῖ
385 2266 449 2332 ἔτει
461 2265 578 2346 ἔδειξεν
597 2266 704 2346 ὅθεός
724 2277 854 2353 σημεῖον
866 2267 987 2334 τοιόνδε
1007 2272 1041 2334 ἐν
1061 2267 1101 2359 τῇ
1116 2271 1206 2334 Καιν-

107 2372 283 2435 σταντίνου
301 2365 389 2433 πόλει
400 2370 439 2455 τῇ
449 2367 567 2454 μεγάλῃ
588 2371 725 2456 κυριακῇ
735 2370 794 2433 τοῦ
803 2363 938 2452 Πάσχα.
955 2367 989 2434 τὸ
1005 2365 1206 2451 μεσονύκτιον

60 2320 98 2360 20

106 2474 299 2554 ἠγέρθησαν
317 2466 347 2533 oi
363 2469 565 2552 Τερβήσιδες,
581 2471 637 2533 καί
653 2468 776 2552 άιιῆγαν
787 2471 830 2544 τίς
845 2467 902 2553 τὴν
914 2464 1007 2551 ἁγίαν
1021 2471 1147 2555 σοφίαν,
1166 2464 1205 2532 νά

108 2571 351 2651 οαλαβατίσουν
361 2565 439 2633 κατά
453 2564 487 2633 τά
499 2565 602 2633 αὐτῶν
613 2565 696 2645 ἔθος.
709 2572 765 2636 καί
776 2568 922 2647 ἐλθόντες
936 2569 981 2645 είς
993 2566 1033 2634 τά
1045 2565 1204 2656 ιιροαάλια

107 2896 176 2942 rum,
195 2877 266 2929 anni
284 2877 340 2929 sint
358 2893 393 2929 nn
413 2895 520 2931 menses
541 2880 642 2931 unalia
659 2880 790 2947 temporis
803 2877 955 2941 intervalia,
978 2878 1096 2929 nescio«.
1114 2878 1155 2929 his
1176 2886 1204 2931 et

108 2950 180 3012 aliis,
202 2964 279 3019 queo
303 2964 336 2998 ex
354 2964 385 2997 re
402 2956 487 3012 erant,
507 2948 596 3012 dictis,
615 2948 935 3010 sorranussmeimanes,
954 2949 1141 3017 „imperiumn
1159 2950 1203 3000 in-

108 3022 186 3087 quit,
206 3018 346 3087 „adeptus
366 3018 535 3082 mercedem,
553 3028 682 3089 quantam
699 3019 828 3081 volueris,
840 3018 975 3084 solrnm31¹
996 3020 1150 3088 scriptoque
1168 3018 1203 3069 de

106 3089 236 3141 mercede
257 3090 283 3141 ei
298 3088 377 3140 cavit.
396 3097 426 3139 et
442 3088 557 3159 adeptus
578 3098 620 3141 est
639 3090 782 3157 imperium
802 3088 952 3141 secundum
970 3088 1089 3139 Hebraei
1108 3088 1203 3140 retici-

107 3162 200 3223 nium,
226 3160 305 3229 quod
322 3175 435 3211 numero
455 3159 607 3212 litterarum
624 3159 693 3209 inito
710 3174 804 3209 verum
823 3166 865 3210 est
883 3160 1031 3211 inventum.
1051 3158 1203 3211 mercedem

108 3234 203 3302 itaque
222 3247 259 3281 ex
277 3232 459 3281 instrumento
484 3230 584 3299 scripto
613 3246 629 3279 a
646 3228 770 3299 principe
788 3228 929 3279 Hebraeus
950 3230 1061 3297 repetiit
1080 3238 1108 3281 et
1126 3245 1203 3279 acce-

106 3304 164 3369 pit,
191 3300 348 3370 multisque
372 3300 524 3352 honoribus
551 3303 662 3350 effectus
689 3306 737 3350 est
768 3300 945 3367 interrogavit
971 3316 1052 3369 porro
1072 3298 1202 3352 Sultunus

110 3372 277 3433 Hebraeum,
296 3371 428 3441 quidnam
445 3388 474 3422 se
486 3379 615 3438 regnante
632 3370 755 3419 futurum
766 3378 845 3420 esset.
865 3378 921 3421 tum
930 3370 1069 3421 Hebraeus
1088 3378 1202 3421 autma-

107 3441 259 3495 ievolentia
271 3458 319 3492 sua
331 3440 427 3493 ductus
440 3448 487 3492 eut
500 3457 564 3493 vero
573 3441 608 3492 eb
622 3448 679 3491 erte
696 3457 744 3491 sua
757 3439 879 3502 edoctus,
891 3438 1084 3502 .,Christiani,u
1101 3440 1201 3508 inquit,

107 3515 173 3581 „qui
186 3514 216 3564 in
228 3512 297 3562 urbe
312 3520 383 3575 sunt,
400 3512 564 3564 seditionem
579 3510 746 3573 excitabunt,
759 3510 1005 3581 imperatoremque
1026 3510 1202 3572 constituent,

44 3605 46 3608 ⁴
109 3599 162 3649 quo
181 3583 253 3635 duce
270 3580 398 3635 eclrersus
416 3584 567 3651 potentiam
583 3591 660 3633 tuam
680 3580 831 3631 rebellent:
859 3590 1003 3651 propterea
1022 3597 1085 3643 eos,
1103 3596 1120 3629 o
1139 3578 1202 3631 sur-

107 3659 187 3717 tene,
218 3654 351 3720 reprime,
374 3654 533 3722 priusquam
564 3668 597 3703 eo
625 3650 735 3703 sceleris
757 3661 960 3722 prorumpent.“
980 3654 1038 3720 ipse
1058 3666 1119 3719 ergo
1141 3666 1201 3702 cum

45 3735 46 3738 ’
109 3724 163 3774 suis
183 3723 349 3775 consiliariis
366 3722 401 3773 de
420 3722 582 3775 Christianis
601 3721 726 3773 delendis
745 3722 888 3775 deliberet.
909 3739 1025 3791 quorum
1043 3738 1122 3785 unus,
1140 3722 1201 3789 Pyri

108 3791 188 3845 Bessa
212 3802 339 3855 vocatus,
373 3793 407 3845 nb
427 3794 523 3863 iniquo
554 3810 616 3844 eum
637 3810 667 3843 nc
684 3793 790 3844 nefario
806 3794 910 3863 impetu
932 3792 1058 3855 retraxit,
1077 3790 1116 3841 sic
1134 3795 1199 3843 effa-

45 3873 46 3900 1
94 3868 164 3932 ¹tus:
187 3865 242 3922 „mi
256 3863 377 3926 Sultene,
397 3872 452 3915 tam
470 3881 581 3933 magnae
599 3880 640 3914 res
658 3882 673 3914 α
692 3862 743 3914 deo
763 3872 834 3915 sunt.
854 3872 882 3915 et
902 3864 924 3914 si
946 3880 961 3913 α
980 3861 1032 3913 deo
1050 3870 1121 3925 runt,
1142 3880 1198 3915 non

110 3948 252 4000 possumus
280 3934 431 3996 adversari,
451 3944 543 3986 nutet
570 3934 697 3987 adversus
716 3934 797 3985 deum
816 3950 935 4003 pugnare
956 3931 1197 4001 deprehendemur.

112 4003 152 4055 sin
170 4005 205 4055 ab
227 4005 383 4057 hominibus
401 4014 471 4068 suut,
490 4006 548 4056 sine
566 4024 614 4057 nos
635 4022 725 4056 servos
746 4016 808 4056 tuos
828 4005 975 4056 vindictum
996 4018 1127 4055 sumere.‘¹

163 4072 220 4125 iIoc
232 4094 303 4129 anno
314 4077 370 4128 tale
381 4077 485 4143 signum
495 4077 574 4144 Cpoii
588 4093 682 4144 magna
693 4076 829 4144 paschatis
841 4074 975 4125 dominica
994 4072 1060 4125 deus
1071 4074 1198 4127 ostendit.

114 4156 172 4195 tum
187 4146 303 4201 Derrisii
320 4147 411 4201 media
422 4156 511 4210 nocte,
522 4156 554 4199 ut
572 4148 637 4219 ipsis
651 4156 768 4209 mercer,
789 4146 968 4203 surrexissent
986 4154 1013 4197 et
1021 4145 1092 4215 adS.
1102 4146 1201 4217 Sophi-
