3075 4825
348 342 505 412 ιιιιιιει
533 342 785 409 remoram
812 344 1000 413 inemo.
1126 320 1212 425 445

138 499 223 581 piena
240 497 280 561 de
302 498 416 561 theaori
432 498 462 559 fo
472 495 626 579 publicata
640 506 670 560 et
685 497 822 566 hrnnnta.
843 499 944 561 Morat
956 498 1035 562 della
1056 512 1156 563 rnorto
1174 502 1216 565 de

137 582 296 666 Theologo
320 582 458 643 (lomello
479 581 556 641 senti
577 582 690 661 grande
709 584 913 664 displicentia,
932 595 963 643 et
984 585 1216 649 maximamentc

135 666 191 729 che
211 688 269 750 per
289 668 318 727 la
334 666 428 726 bocca
448 666 487 727 de
510 664 596 724 molti
617 664 647 725 fo
662 666 817 748 divulgato
827 664 885 727 cire
906 665 984 726 della
999 669 1215 731 mortel'lreo·

135 746 203 831 logo
236 770 290 811 era
322 759 402 810 stato
429 768 541 809 carone
571 747 700 809 Michoel
736 749 817 813 Pilia.
872 750 991 827 Queato
1012 741 1142 811 Mieliael
1161 774 1215 815 era

134 830 324 910 Christiano,
357 853 410 914 per
441 831 537 911 petria
567 831 666 891 Greco
694 832 734 893 da
757 831 901 913 Epheso,
933 832 972 893 de
993 844 1082 914 gente
1100 834 1215 899 nobile.

135 914 244 977 Vivivn
264 918 296 975 in
319 926 402 975 corte
422 913 471 975 del
493 911 591 975 ducha
611 916 714 975 Morat
737 915 776 977 de
799 914 828 974 lo
846 916 988 977 exercitio
1010 916 1059 977 del
1079 921 1215 980 scrivere

132 996 238 1061 lettere
257 997 410 1059 Arabiche
440 1009 471 1058 et
490 998 608 1059 Latine.
648 997 690 1057 Et
720 996 846 1060 essendo
867 996 899 1058 in
921 999 993 1081 quet
1014 1010 1119 1081 tempo
1140 1002 1215 1065 l'ilia

129 1080 177 1143 ool
200 1092 349 1164 tymnno,
371 1082 398 1141 la
419 1078 499 1141 fama
521 1100 553 1140 ae
572 1099 678 1160 sperae
705 1080 763 1143 che
784 1081 880 1143 lieven
899 1083 1015 1165 scripto
1034 1082 1095 1145 allo
1113 1084 1215 1167 impo-

130 1164 241 1226 redore
266 1164 323 1225 che
343 1163 501 1239 Theologo
534 1163 652 1223 Coreco
682 1165 786 1226 volivo
820 1163 917 1225 tradit
942 1165 972 1224 la
992 1164 1074 1239 cita,
1105 1175 1136 1227 et
1154 1190 1212 1249 per

131 1256 240 1331 questo
265 1247 370 1308 advieo
397 1245 436 1307 de
461 1245 534 1307 Pilia
555 1246 673 1307 Coraco
702 1248 732 1307 fo
755 1257 868 1307 morto.
923 1246 997 1309 Pilia
1015 1248 1162 1332 adunque
1180 1254 1210 1313 al

128 1352 231 1393 remor
249 1329 328 1391 della
351 1328 534 1391 mulitudine
554 1328 585 1389 fo
604 1349 692 1408 preao
716 1339 748 1391 et
766 1328 975 1391 crudelrnente
998 1341 1207 1411 tormentat03

126 1423 159 1475 ct
178 1422 350 1477 coniuncta
374 1432 435 1474 noa
454 1410 570 1493 grande
589 1410 656 1492 pira
670 1414 708 1475 de
730 1412 855 1475 carboni
875 1412 1008 1491 infucati,
1033 1412 1065 1475 fo
1085 1427 1207 1479 menatn
1219 1424 1267 1495 ¹⁸2

126 1496 155 1557 al
174 1497 242 1559 foco
289 1517 325 1558 cr
345 1490 427 1559 darli
447 1506 545 1557 morte
565 1496 694 1557 crudele.
745 1496 789 1559 Et
806 1496 1006 1573 dimaodato,
1029 1496 1081 1559 a'el
1103 1498 1208 1561 volivo

127 1518 302 1663 ronegaria
325 1578 392 1641 fede
413 1576 587 1661 evangelica
609 1578 804 1655 Christiana,
835 1579 858 1640 li
876 1580 955 1641 aeria
972 1579 1089 1643 calvata
1111 1582 1139 1642 ln
1162 1586 1210 1644 ri-

126 1671 179 1739 ta3
201 1662 378 1725 altrnmcnte
403 1662 473 1743 quel
509 1660 577 1723 foco
597 1660 725 1723 ardente
754 1663 944 1725 consumarin
964 1663 992 1723 el
1013 1684 1071 1725 ano
1091 1686 1206 1749 εοιροι

126 1741 154 1805 el
175 1748 284 1808 minero
312 1744 452 1822 infelice,
485 1744 543 1807 che
570 1764 691 1829 eempre
723 1766 776 1807 era
796 1755 877 1808 stato
898 1756 1073 1827 peccatore,
1096 1748 1206 1825 elenae,

124 1827 312 1974 aaliz?
328 1826 829 1971 {recredere
850 1828 1206 1993 ,irretirer
1246 1937 1251 1945 .

409 1952 419 1983 2
737 1954 745 1971 ·
1194 1960 1204 1988 ι

122 1993 291 2149 iiiiii
311 1991 696 2147 llltcltltt‘lstllt,
712 1995 894 2143 illudi
915 1996 1207 2139 Ltttltzittt

120 2178 177 2239 pre
200 2157 295 2218 havea
316 2156 435 2217 elevato
457 2154 514 2217 nlla
537 2157 741 2219 misericordia
762 2158 801 2218 de
815 2159 883 2235 dio,
902 2156 984 2219 dalla
1006 2158 1111 2219 divina
1131 2182 1206 2241 pro·

121 2240 257 2301 videntia
272 2240 305 2302 fo
324 2237 455 2299 salvato.
496 2240 543 2299 De
567 2238 589 2300 li
617 2238 668 2301 doi
689 2239 793 2322 figlioli
824 2240 863 2301 de
883 2239 1074 2302 Mechonetli
1096 2242 1205 2303 fratelli

119 2322 159 2385 de
189 2324 318 2401 Morat‚
350 2322 433 2383 l'nno
468 2322 500 2382 fo
532 2322 678 2384 suffocato
707 2308 842 2383 secundo
863 2323 892 2383 ln
914 2344 1023 2384 nsanaa
1045 2323 1084 2386 de
1103 2324 1205 2407 quella

122 2406 291 2469 inhumana
310 2406 516 2486 generatione.
544 2406 660 2468 L’altro
684 2417 885 2486 veramente,
905 2406 933 2467 el
954 2407 1097 2490 qualeae
1120 2408 1206 2469 chia·

121 2511 210 2552 meva
240 2489 393 2563 Mustela,
426 2488 572 2551 morando
601 2489 629 2551 el
655 2501 764 2572 patre,
794 2490 835 2550 da
868 2510 932 2552 uno
963 2491 994 2550 di
1012 2493 1060 2552 eoi
1076 2492 1205 2569 beroni,

119 2573 272 2635 chiamato
298 2570 400 2633 Halios
420 2571 494 2632 Sinr
514 2584 621 2655 apter,
659 2573 690 2634 fo
721 2573 861 2635 involato
887 2583 918 2634 et
950 2583 1077 2654 portato
1109 2575 1143 2634 in
1174 2573 1206 2636 lc

120 2667 206 2737 porte
227 2655 309 2718 della
329 2654 447 2716 Natolia
468 2675 556 2716 verso
578 2655 769 2736 Pamplonia.
822 2655 911 2716 Onde
931 2655 1001 2716 Siar
1021 2667 1110 2738 aptar
1129 2659 1205 2718 acri·

118 2759 171 2820 pee
190 2741 241 2801 alo
270 2737 463 2821 imperadore
495 2737 604 2800 lettere
626 2737 721 2799 molto
751 2747 886 2816 acerete,
923 2737 981 2799 circ
1005 2738 1024 2798 li
1048 2740 1205 2801 mandanae

117 2821 240 2885 theaoro
264 2843 318 2904 per
336 2842 460 2883 menore
481 2819 509 2882 el
529 2831 618 2903 putto
641 2822 670 2881 io
687 2821 807 2883 Prusia.
849 2822 896 2881 Lo
918 2821 1095 2902 imperador
1116 2843 1203 2884 nran-

118 2904 158 2966 do
179 2927 235 2968 oro
264 2915 297 2966 et
324 2913 449 2966 arzento
479 2914 509 2965 et
531 2925 586 2986 per
605 2925 711 2964 maner
748 2903 778 2964 el
803 2915 894 2986 putto
918 2903 948 2962 in
969 2905 1076 2966 Prusia
1096 2917 1126 2965 et
1147 2927 1205 2988 per

116 3007 284 3072 congregae
305 2989 447 3048 exercito.
471 2987 505 3048 ln
527 2997 636 3068 questo
657 2998 760 3068 tempo
774 2988 876 3047 Morat
896 2987 1054 3049 attendivn
1078 3007 1096 3048 a
1116 3009 1203 3050 corn.

116 3069 216 3134 better
238 3067 516 3150 Constantinopoli.
567 3071 607 3130 Et
639 3070 764 3131 essendo
786 3069 884 3131 molto
902 3068 1021 3131 intento
1038 3069 1100 3130 allo
1121 3091 1202 3132 eane-

117 3153 166 3214 dio
187 3155 270 3218 della
293 3155 371 3228 etit,
402 3173 496 3234 sopra
531 3172 622 3212 zonae
641 3173 704 3213 uno
726 3153 758 3212 di
780 3151 871 3212 celeri
895 3153 1068 3227 corredori,
1094 3155 1202 3216 nunti·

114 3237 215 3300 andoli
239 3259 329 3298 come
351 3236 376 3296 el
402 3234 533 3295 Mustela
555 3255 610 3295 auo
635 3233 755 3296 fratello
779 3257 831 3295 era
855 3235 968 3294 intrato
990 3237 1019 3295 io
1042 3235 1150 3297 Prusia
1170 3249 1261 3302 ctrtt

115 3337 164 3381 era
184 3331 268 3382 stato
293 3326 452 3400 acceptato
475 3315 556 3379 della
578 3317 694 3392 oitade,
720 3317 747 3376 ln
770 3317 862 3398 quale
885 3317 981 3378 haren
1004 3319 1147 3380 laudato:
1171 3332 1201 3382 et

114 3399 190 3464 bene
218 3405 308 3466 docto
335 3399 439 3483 quello
470 3421 555 3462 come
578 3399 692 3478 ducha;
721 3407 753 3459 et
773 3421 860 3460 come
878 3401 930 3480 poi
952 3422 1003 3461 ora
1025 3405 1138 3486 partito
1161 3403 1201 3464 da

114 3483 223 3549 Prusia
244 3507 302 3546 con
323 3485 391 3546 Siar
412 3492 500 3566 apter
520 3481 602 3544 Elian
622 3503 677 3565 por
697 3481 794 3542 ander
815 3483 845 3540 in
868 3481 1005 3550 Nichiea.
1026 3546 1028 3550 ,
1049 3485 1201 3545 Haveodo

113 3581 216 3648 queste
241 3589 311 3630 cose
328 3567 422 3628 aldite
443 3568 547 3628 Movit
565 3587 620 3627 con
644 3565 674 3626 la
694 3576 797 3626 mente
817 3567 952 3641 intento,
977 3588 1065 3629 corne
1086 3569 1118 3629 lo
1142 3570 1201 3626 im·

116 3653 252 3732 perador
277 3651 316 3712 de
331 3649 437 3712 Romei
456 3649 498 3710 ha
519 3658 642 3710 trovato
663 3669 704 3708 ιιιι
723 3646 803 3708 altro
821 3649 955 3710 Mustafa
975 3670 1033 3731 per
1053 3649 1131 3710 darii
1156 3649 1201 3710 fa·

114 3735 227 3807 stidio,
261 3733 341 3794 lasso
362 3732 392 3793 el
412 3731 600 3792 combultere
621 3729 911 3812 Constantinopoli,
938 3733 1053 3794 mandi>
1074 3731 1200 3794 indetro

113 3812 133 3875 li
151 3815 317 3879 strumenti
338 3814 459 3892 bellici,
483 3813 609 3875 licentio
630 3815 662 3874 lu
685 3815 817 3875 exercito
839 3833 1020 3892 numeroso,
1040 3824 1073 3875 et
1097 3814 1125 3873 la
1145 3835 1202 3875 ana

114 3919 241 3978 persona
256 3897 346 3959 torni)
360 3900 390 3958 in
402 3895 622 3978 Andr-inopnli.
643 3897 690 3958 Lo
712 3895 887 3983 imper-ador
899 3895 1050 3958 Emanucl
1071 3895 1201 3957 habian-

114 3981 154 4044 do
175 3986 209 4044 ria
230 3981 335 4044 vicino
356 3979 483 4042 l’ultimo
504 4001 595 4040 corno
615 3979 655 4040 de
674 4000 729 4040 aun
749 3981 836 4056 vita,
858 3989 889 4038 et
909 3977 1037 4039 essendo
1057 3977 1201 4041 decorato

114 4063 150 4124 de
170 4065 242 4148 ogni
277 4061 400 4126 virtude
435 4073 465 4122 et
486 4065 563 4124 visco
585 4081 705 4142 sempre
726 4062 994 4122 caetieaimnmente
1014 4062 1065 4121 eol
1088 4062 1202 4124 timore

114 4144 151 4206 de
172 4149 225 4209 dio
248 4136 413 4228 et'grande
433 4147 581 4228 ‘sapientia
602 4156 634 4206 et
649 4143 789 4225 integrita
805 4148 885 4204 circa
907 4141 1019 4204 lerose
1040 4143 1088 4206 del
1110 4167 1201 4205 mun·

115 4225 154 4292 do
178 4241 209 4294 et
238 4229 451 4315 del'imperio,
484 4227 611 4292 canendo
638 4249 693 4311 per
725 4226 755 4290 la
784 4225 925 4290 vechicza
959 4241 1071 4291 venuto
1090 4228 1200 4292 reccho
