3075 4825
332 376 493 441 nauca
530 373 783 441 rnranrnme
817 376 1006 443 monnio.
1126 345 1209 465 367

134 531 241 595 redore
259 542 292 594 et
325 554 384 615 per
402 532 433 594 in
464 542 563 593 matre
582 552 637 591 ana
656 530 858 609 inmaculata,
881 532 937 594 che
959 552 1022 595 non
1041 552 1130 595 come
1149 534 1210 595 ini·
1244 558 1248 565 ¹

131 620 207 678 mico
236 638 288 677 ma
314 638 404 679 corne
429 618 530 677 arnico
561 635 612 675 me
639 636 677 677 ve
703 615 873 683 demostrb.
915 615 1018 695 Qnelli
1035 627 1210 679 veramente

130 698 203 761 detta
223 699 298 763 cito
318 721 382 761 non
403 700 560 761 vendendo
590 698 778 796 alcunaalle
801 720 856 761 sne
878 698 986 782 parole
1006 701 1211 762 conveniente

127 781 494 947 ἓῦἷίἰζῖῐέἷζέἱοίἷίἰῖ
511 782 1251 951 ¹¹:21?dtd‘ttttgrdflttfttttt?³⁷

127 949 266 1013 mandoie
294 948 440 1015 adultere.
481 947 599 1010 Athore
618 948 824 1011 Cathaeneino
846 970 951 1011 acceso
974 948 1015 1009 da
1033 948 1211 1033 dordegno,

126 1032 189 1093 fece
208 1054 273 1093 nna
303 1031 471 1110 riravolta,
507 1042 541 1095 et
559 1052 619 1114 per
637 1031 768 1093 nn'aitre
788 1042 879 1115 porta
899 1033 1073 1109 contraria,
1098 1044 1209 1115 apcrtn

126 1114 183 1175 dali
206 1118 255 1177 soi
277 1117 386 1193 amici,
408 1115 493 1179 intro
516 1114 582 1177 inia
602 1116 676 1193 cita,
698 1114 882 1199 vegnandoli
902 1118 1045 1179 incontra
1063 1114 1208 1198 lapopu·

124 1196 237 1261 lareeca
265 1199 463 1260 multitudine
491 1220 551 1260 con
579 1197 671 1261 lande
692 1210 725 1260 et
744 1195 977 1276 benedictione,
1002 1198 1208 1262 recevendoio

123 1300 209 1343 come
245 1280 440 1364 imperador.
489 1284 542 1342 Ma
562 1280 592 1342 la
611 1284 810 1364 imperatrice
829 1286 918 1344 Anna
941 1280 991 1343 col
1010 1304 1067 1345 suo
1091 1280 1208 1365 figliolo

122 1375 154 1426 et
172 1365 276 1426 alcuni
310 1365 405 1447 pochi
437 1365 557 1427 homini
580 1364 695 1427 d’arme
713 1366 825 1429 serrati
846 1364 897 1427 nel
917 1363 1024 1449 palaao
1046 1384 1109 1427 non
1130 1386 1209 1427 con-

122 1450 260 1526 tentiva,
281 1448 435 1510 dicendoz
455 1450 487 1509 io
508 1469 588 1511 sono
612 1449 773 1511 incuriata.
817 1448 920 1527 Quelli
943 1448 982 1511 de
1003 1448 1072 1509 fora
1089 1450 1209 1511 turbati

122 1530 272 1593 volevano
301 1552 446 1614 rompere
473 1542 504 1594 et
524 1552 582 1613 per
609 1531 696 1593 forza
732 1534 847 1595 intrare
870 1530 920 1593 nel
940 1530 1048 1615 palazo
1069 1544 1103 1595 ct
1121 1554 1209 1597 cornc

121 1616 228 1675 nemici
252 1615 386 1678 robbare
404 1624 488 1677 tutto
511 1614 617 1698 quello
637 1615 694 1677 che
712 1616 822 1677 dentro
842 1618 867 1679 ai
890 1626 1031 1681 trovara.
1074 1618 1128 1679 Ma
1148 1617 1209 1679 Ca·

121 1696 281 1761 thacuaino
300 1720 364 1761 non
384 1708 588 1781 permecteva.
630 1697 722 1760 Onde
743 1698 837 1785 quelli
858 1699 897 1761 da
917 1720 1024 1761 mazor
1041 1702 1089 1763 ira
1108 1701 1208 1763 neceni

119 1777 147 1838 al
162 1780 371 1860 biantimava,
385 1792 417 1843 et
426 1781 665 1865 improperavali
676 1780 707 1843 la
719 1804 774 1845 sna
786 1784 904 1865 pande
919 1785 1078 1865 patientia.
1103 1782 1206 1863 Qnelli

118 1860 167 1923 dci
179 1863 289 1947 palato
302 1865 468 1927 vedendoei
481 1868 514 1926 in
528 1887 623 1949 grave
633 1866 773 1949 periculo
787 1866 826 1927 de
837 1886 918 1927 esser
930 1868 1036 1945 morti,
1054 1888 1087 1928 sc
1100 1866 1207 1929 rende·

115 1966 197 2007 rouo
212 1957 245 2008 et
257 1968 407 2028 apereeno
420 1947 449 2009 le
460 1958 554 2030 porte
560 1948 610 2009 del
621 1949 741 2029 palazo.
762 1950 816 2011 Ne!
828 1950 918 2031 quale
929 1959 1049 2010 entrato
1058 1950 1207 2013 Cathacn·

113 2029 185 2088 cino
207 2032 242 2089 in
267 2030 294 2090 le
314 2032 369 2111 pin
392 2039 513 2091 remote
533 2040 566 2091 ot
586 2032 641 2111 piir
661 2042 777 2093 secrete
796 2040 885 2113 parte
905 2042 999 2093 trovo
1021 2031 1052 2093 la
1074 2036 1207 2115 impera·

112 2113 192 2173 trice
225 2113 258 2173 in
287 2134 351 2173 nna
382 2132 508 2175 camera
533 2112 640 2175 sedere
657 2112 709 2175 col
742 2135 800 2175 sno
820 2112 957 2197 figliolo,
981 2134 1070 2176 senaa
1114 2137 1250 2194 auram

112 2196 208 2276 piena
230 2195 270 2256 de
289 2198 336 2256 ira
355 2214 373 2257 e
392 2196 431 2256 de
451 2195 573 2277 edegno.
625 2195 752 2259 Zuanne
773 2196 981 2258 Cathacusino
1006 2136 1207 2260 humifmentc

113 2278 353 2354 accostnndoci,
375 2276 427 2339 col
445 2300 524 2361 capo
539 2279 728 2360 discoperto,
753 2278 842 2339 baxio
866 2278 897 2340 la
917 2300 1011 2340 mano
1032 2281 1208 2343 deZuanne

113 2360 307 2445 Palleologo.
358 2363 482 2445 Dapoi‚
511 2362 646 2424 secondo
676 2361 706 2424 la
734 2384 867 2440 ucenae,
898 2360 1057 2444 genuflexu
1091 2364 1156 2426 foce
1177 2364 1207 2428 la

114 2447 321 2509 conveniente
350 2446 513 2508 rivereotia
541 2445 602 2507 alia
630 2457 750 2522 matre,
789 2446 927 2508 ambidoi
948 2445 1153 2510 collaudando
1176 2456 1208 2512 et

113 2529 300 2592 chiamando
332 2528 520 2612 imperadori
550 2528 582 2590 di
602 2529 725 2591 Romei.
767 2531 862 2591 Alora
882 2528 912 2590 la
933 2531 995 2591 cita
1014 2539 1047 2592 et
1067 2541 1150 2592 tutto
1173 2531 1207 2594 lo

114 2615 274 2693 exercito,
303 2612 501 2694 cognosciutr
525 2611 554 2672 ia
572 2613 657 2675 bona
677 2624 708 2674 et
728 2614 847 2698 grande
866 2613 1016 2696 patientia
1037 2613 1076 2676 de
1092 2615 1206 2676 Catha-

112 2696 224 2760 cnsino
245 2717 335 2758 verso
356 2695 379 2757 li
399 2695 448 2758 coi
467 2696 592 2770 nemici‚
611 2695 687 2757 tutti
707 2696 740 2758 lo
758 2696 956 2758 benedisscro
977 2707 1009 2759 et
1028 2699 1206 2778 magnifica·

113 2799 204 2847 rono.
248 2781 292 2842 Et
314 2779 354 2841 da
386 2778 486 2841 l'oltra
515 2787 605 2861 parte
625 2779 763 2861 mitigata
792 2777 858 2841 I’ira
875 2780 942 2842 dela
965 2781 1154 2862 imperatrice
1175 2793 1206 2844 ct

113 2861 244 2935 delinito
266 2861 384 2925 t'hodio
414 2873 446 2925 et
471 2863 587 2923 invidia
615 2861 648 2922 di
669 2863 820 2938 citadini,
855 2863 978 2924 Zoanni
1002 2863 1205 2926 Cathacusino

113 2944 236 3010 licentio
278 2946 301 3007 ti
326 2946 465 3024 Turcbi,
499 2944 638 3008 donatoli
672 2949 775 3008 avanti
810 2945 899 3008 molti
918 2946 999 3008 richi
1020 2957 1051 3007 et
1072 2947 1207 3027 pretiosi

111 3029 203 3108 doni,
235 3029 279 3092 ad
301 3029 427 3090 Orchan
453 3048 511 3091 eno
531 3050 646 3111 genero
668 3030 871 3092 consonando
895 3030 1015 3112 grande
1037 3028 1205 3112 obligatio·

113 3133 152 3174 ne
184 3135 247 3177 con
278 3113 398 3174 actione
417 3113 457 3174 de
476 3111 597 3174 infinite
626 3117 732 3195 gratie.
775 3113 897 3174 Partito
918 3113 940 3173 li
960 3112 1099 3190 Tarchi,
1120 3121 1205 3177 tutto'

111 3216 142 3256 se
161 3198 253 3260 diede
275 3197 315 3258 aii
336 3195 478 3270 cinctui,
502 3215 566 3255 non
591 3197 736 3258 cessando
757 3217 818 3259 con
841 3196 913 3279 ogni
935 3196 1039 3258 studio
1060 3196 1099 3257 de
1119 3217 1203 3259 amo·

110 3291 191 3341 rect
214 3280 427 3344 benivolentia
446 3277 539 3360 quelli
560 3277 728 3357 honorare,
754 3287 927 3361 praeterere,
950 3289 985 3341 et
1005 3303 1022 3340 a
1041 3278 1112 3341 tutti
1134 3299 1203 3343 nro·

109 3373 220 3426 strarse
241 3366 383 3448 gratioso
415 3371 448 3422 et
480 3359 623 3444 benigno.
666 3360 724 3422 Ala
746 3362 943 3444 imperatrice
963 3383 1019 3424 era
1042 3373 1131 3424 tanto
1151 3386 1204 3426 sn·

109 3443 212 3510 biecto
244 3459 280 3510 et
301 3445 485 3523 obediente,
515 3454 546 3507 et
573 3465 633 3506 con
666 3455 754 3507 tanto
780 3445 938 3527 piacevole
971 3457 1001 3508 et
1020 3445 1204 3530 gentilesche

111 3533 251 3592 maniere
288 3531 311 3592 li
339 3529 523 3602 attendero,
553 3528 610 3589 che
642 3527 674 3588 in
702 3529 796 3590 breve
816 3532 915 3612 spatio
939 3530 1203 3614 competequella

108 3631 161 3674 cna
196 3618 335 3676 ostinata
357 3613 482 3673 durezza
502 3613 622 3673 inverso
643 3611 682 3672 de
702 3611 766 3688 lui;
788 3625 819 3674 et
836 3633 895 3674 con
912 3633 967 3675 sue
989 3614 1076 3676 dolre
1101 3623 1134 3674 et
1153 3634 1203 3676 sa·

109 3697 158 3758 via
180 3696 295 3780 parole
306 3697 337 3758 la
351 3694 467 3757 inclini>
487 3718 506 3754 a
530 3705 602 3755 tnor
625 3716 679 3755 sua
700 3694 816 3778 figlioia
837 3695 953 3758 Helena
973 3715 1102 3782 persua
1123 3715 1202 3758 nora

109 3789 140 3839 ct
161 3780 315 3864 mogiiera
347 3778 387 3840 de
418 3779 545 3839 Zoanne
578 3777 760 3862 Palleoiogo
787 3779 974 3862 imperador.
1014 3779 1058 3840 Et
1080 3789 1204 3841 mentre

109 3861 137 3922 la
156 3865 337 3926 sollemnita
358 3862 398 3923 de
418 3871 526 3943 questo
546 3861 725 3942 sponsalitio
747 3883 780 3923 se
800 3864 1023 3948 apparechiava
1045 3860 1205 3924 celebrare

109 3948 158 4007 nel
176 3949 351 4010 benedecto
381 3947 497 4026 tempio
522 3943 603 4004 della
635 3945 797 4007 imaculata
817 3947 963 4028 genitrice
982 3942 1202 4008 dell’altissimo

109 4027 179 4109 dio,
201 4032 232 4093 et
269 4029 359 4113 quale
379 4031 397 4090 e
420 4033 450 4087 in
475 4027 680 4108 Blachierna,
710 4028 744 4089 fo
774 4029 947 4092 deliberato
969 4027 1150 4090 continuare
1171 4031 1201 4093 la

110 4111 184 4175 ferta
216 4115 300 4176 delia
322 4115 526 4174 coronatione
544 4110 810 4193 dess’imperadore
838 4125 868 4174 et
890 4111 969 4174 della
993 4112 1201 4194 imperatrice.

110 4192 152 4257 Et
170 4198 237 4260 cori
270 4200 380 4259 torono
410 4215 467 4255 con
488 4195 602 4278 grande
632 4193 796 4277 rpiendore
825 4195 918 4256 laudo
941 4202 972 4256 ct
1005 4195 1103 4278 gloria
1121 4197 1202 4258 facto

112 4291 221 4361 queste
252 4278 503 4361 incoruptione,
531 4288 562 4340 et
581 4280 636 4362 poi
657 4279 769 4341 torono
789 4282 931 4342 coronati
955 4287 986 4342 et
1006 4283 1201 4365 pronuntiati
