3075 4825
313 308 396 408 362.
671 334 812 412 nucea
841 332 1035 400 nrsronn

270 500 397 555 aeterra
417 510 451 551 ee
470 488 590 552 conferi
609 486 639 549 al
660 484 887 571 Didimothico,
911 486 1071 571 pensando
1092 486 1123 551 in
1145 488 1217 571 quel
1236 490 1309 553 loco
1332 502 1402 555 tro·

312 595 368 637 var
376 575 482 635 Zuane
496 570 715 647 Cathacuaino,
729 570 758 632 el
774 570 865 654 quale
876 570 1093 652 grandemente
1106 570 1291 656 d'esyderava
1305 576 1403 639 veder

311 667 344 719 et
362 656 574 719 consederam
604 676 662 719 con
688 653 734 715 lui
756 675 814 714 eon
835 652 963 715 vinculo
984 654 1023 715 de
1041 668 1231 721 sacramento
1252 659 1403 741 stipulato

311 750 344 803 et
362 740 430 802 fade
452 739 524 801 data
543 750 593 801 tra
615 735 683 798 loro
705 739 811 800 eseerni
832 736 918 799 i'uno
941 735 1061 801 nl’altro
1082 738 1195 802 fautori
1216 760 1275 821 per
1295 742 1403 803 tutto'i

310 833 416 906 tempo
438 822 476 883 de
500 824 529 885 le
550 821 615 883 vite
635 822 715 887 loro.
742 822 797 883 Ma
817 819 869 882 dal
888 840 945 882 suo
968 821 1107 903 pensiero
1128 824 1270 885 renovo
1291 826 1403 914 ingan.

310 918 404 985 nato,
425 906 543 988 perche
561 904 767 968 Cathacueino
788 924 867 985 poco
896 914 999 986 tempo
1030 903 1134 967 avanti
1155 908 1342 987 portcndose
1362 908 1404 971 da

309 989 541 1071 Andrianopoli
553 1036 565 1070 ,
597 988 722 1051 furente
741 986 774 1049 la
803 986 853 1048 ire
884 985 966 1049 delia
996 988 1037 1049 im
1062 991 1191 1053 eretriae
1221 1000 1251 1051 et
1269 990 1405 1054 i'insidie

309 1070 361 1147 del
380 1072 553 1157 consegtio,
585 1093 645 1133 eon
671 1072 701 1132 ln
721 1070 871 1154 mogiiena
901 1081 932 1131 et
955 1010 1084 1149 figlioii,
1106 1094 1168 1134 con
1188 1072 1255 1135 loro
1275 1087 1403 1138 arrento

310 1167 342 1225 ,et
364 1156 466 1218 tutto’l
486 1178 544 1219 ouo
563 1154 680 1218 havere
701 1176 735 1216 se
756 1177 812 1217 era
838 1154 1014 1217 transferito
1034 1154 1064 1217 al
1084 1154 1315 1238 Didimothieo,
1342 1180 1405 1221 ove

309 1238 407 1321 pochi
427 1239 514 1301 zoroi
534 1238 723 1318 demorante,
743 1236 854 1301 lassata
876 1260 895 1297 a
916 1260 971 1299 sun
992 1236 1138 1322 mogliera
1162 1237 1287 1302 lacurn
1309 1241 1349 1303 de
1374 1241 1404 1303 la

309 1322 453 1420 fameglia
485 1335 516 1385 et
534 1320 604 1385 dele
632 1342 705 1383 cose
735 1319 947 1400 domestiche,
974 1322 1006 1383 la
1028 1342 1084 1383 sua
1115 1344 1245 1403 persona
1265 1324 1348 1386 ando
1373 1324 1403 1385 al

309 1406 411 1467 Crniin
426 1406 585 1469 deservio
606 1426 665 1488 per
686 1405 744 1466 dar
763 1404 955 1487 expeditione
975 1404 1024 1465 ale
1044 1426 1100 1465 sua
1120 1407 1322 1469 incomineata
1344 1407 1405 1469 im·

309 1510 411 1572 presa.
450 1493 487 1552 In
505 1500 615 1573 questo
635 1500 739 1570 tempo
760 1488 959 1551 Cathocnsini
981 1488 1131 1571 mogliere
1154 1490 1193 1551 de
1213 1490 1319 1552 Znane
1342 1492 1402 1553 Ca-
1518 1510 1519 1525 ¹

308 1572 494 1653 tharasiuo,
524 1572 606 1635 dono
636 1573 734 1633 molto
755 1572 842 1634 savia
866 1580 898 1633 et
921 1571 1087 1640 volorosa,
1112 1586 1230 1635 assuete
1251 1572 1310 1635 alle
1332 1595 1404 1635 cose
1518 1610 1519 1639 f

308 1657 449 1738 grande,
471 1656 596 1739 accepti)
609 1656 732 1717 Homur
746 1677 807 1719 con
828 1656 910 1717 circu
925 1658 1126 1739 cinquedento
1146 1656 1265 1721 Turohi
1286 1658 1325 1717 da
1349 1678 1404 1718 ca·
1518 1650 1519 1665 ¹

309 1740 393 1803 vallo
414 1751 446 1801 et
474 1740 554 1802 altre
573 1739 655 1801 tanti
674 1739 715 1801 da
738 1740 842 1822 pede,
872 1738 1094 1821 provedendoli
1117 1740 1341 1822 copiosamente
1364 1740 1405 1801 do

308 1833 390 1885 tutte
419 1844 492 1885 cose
525 1821 701 1885 necessarie.
754 1822 795 1885 El
830 1833 913 1884 resto
946 1822 1016 1883 dele
1045 1832 1133 1885 eente
1158 1845 1251 1885 erano
1272 1834 1405 1885 remeate

308 1928 406 1988 sopra
426 1905 455 1968 le
475 1904 575 1987 palie,
596 1906 626 1967 le
646 1904 738 1990 quale
758 1906 922 1967 andavano
951 1905 1132 1967 derfazendo
1153 1918 1233 1968 tutte
1257 1908 1286 1969 lc
1309 1906 1405 1967 rivio.

308 2011 346 2053 re
365 1991 405 2051 da
426 1988 563 2071 Galipoii
598 1990 659 2051 fine
689 2013 708 2051 a
728 1989 890 2069 Siliveria,
925 1989 1108 2051 montrando
1141 1989 1218 2051 sario
1237 2010 1295 2075 per
1315 1990 1405 2051 saror
1518 1990 1519 1995 ’

307 2073 348 2136 de
369 2072 585 2148 Gathomasioo,
609 2084 812 2159 quantunque
832 2074 863 2135 la
887 2072 1002 2136 aviditir
1024 2071 1074 2134 del
1094 2073 1227 2135 robbare
1249 2085 1280 2136 et
1300 2074 1406 2155 spiare

308 2156 332 2219 li
352 2156 436 2219 lechi
456 2156 496 2219 de
509 2158 617 2220 Tratia
639 2158 720 2221 fosse
740 2154 772 2216 la
792 2157 949 2239 potissima
963 2163 1088 2218 edrone.
1131 2158 1210 2219 Esso
1226 2168 1406 2219 veramente

309 2242 411 2303 omar
441 2239 524 2304 daila
553 2252 645 2323 parte
666 2241 706 2304 de
726 2251 810 2303 terra
837 2262 894 2303 con
922 2242 951 2301 la
971 2261 1027 2301 sua
1045 2240 1227 2323 campagnia
1251 2240 1291 2301 da
1337 2239 1403 2301 itee

309 2323 489 2387 decoratio
511 2326 633 2389 andava
652 2326 822 2409 guastando
843 2324 949 2387 tutto’l
971 2344 1058 2405 paese
1078 2324 1184 2386 vicino
1206 2321 1235 2384 al
1251 2325 1280 2385 D
1324 2324 1402 2384 imo-
1518 2356 1519 2377 κ

308 2410 372 2472 tioo
393 2410 455 2470 fine
477 2431 496 2470 a
517 2409 664 2473 Rodertu.
705 2410 741 2469 In
766 2419 875 2491 questo
899 2408 1056 2486 exercitio,
1077 2407 1248 2492 spectando
1270 2406 1402 2468 cheCa.

308 2491 474 2554 thaeusino
500 2501 639 2556 tornense
668 2492 708 2554 da
726 2491 859 2572 Servio,
879 2492 967 2576 passo
988 2493 1068 2552 cirea
1090 2493 1165 2554 mesi
1190 2494 1247 2553 tre.
1289 2492 1333 2553 Et
1353 2511 1403 2552 ee-

308 2574 407 2636 eendo
440 2573 474 2632 in
510 2575 572 2635 tale
590 2577 801 2657 spectatione,
823 2585 908 2639 tutto
933 2573 1039 2638 dedito
1060 2573 1120 2636 alle
1141 2597 1212 2638 cose
1233 2575 1265 2637 di
1287 2575 1404 2652 Greci,

309 2677 450 2720 vennero
468 2657 572 2717 nuntii
592 2657 675 2720 della
697 2661 798 2734 ionia,
820 2659 877 2720 che
894 2658 917 2722 li
941 2660 1048 2721 terreri
1071 2657 1110 2720 de
1131 2657 1235 2720 Rhodi
1262 2657 1404 2720 haveano

310 2739 392 2802 facto
414 2750 550 2816 armata,
572 2762 632 2804 oon
656 2741 686 2802 la
704 2741 796 2826 quale
816 2764 910 2804 erano
932 2744 1038 2806 venuti
1059 2743 1110 2804 nel
1133 2752 1228 2824 por-to
1248 2741 1288 2802 de
1309 2741 1405 2802 Smin·

311 2845 352 2886 ne
370 2824 502 2899 Vechie,
527 2832 560 2885 et
575 2823 714 2888 haveano
736 2825 940 2888 incomineato
971 2849 989 2886 a
1017 2823 1171 2886 fabricare
1193 2846 1256 2886 uno
1277 2823 1405 2886 revelli.

310 2929 355 2970 no
379 2929 438 2991 per
457 2907 505 2968 fur
533 2907 743 2971 unocastello
774 2911 801 2970 al
822 2929 914 2972 nome
935 2909 975 2972 de
994 2910 1057 2972 San
1081 2909 1191 2986 Piero,
1215 2929 1272 2992 per
1292 2907 1407 2969 confu-

310 2993 364 3075 gio
388 2991 420 3053 di
440 2991 581 3065 achiavi,
604 2991 691 3076 quali
713 2991 996 3076 quotidianamente
1021 3013 1190 3074 eoampano
1209 2993 1249 3054 de
1270 2991 1349 3054 Asia
1368 2989 1408 3052 de

210 3091 215 3100 '
311 3097 384 3138 man
405 3075 444 3138 de
463 3074 591 3142 Turchi.
633 3077 677 3137 La
701 3077 775 3159 qual
793 3097 875 3139 nova
897 3077 1018 3150 intera,
1043 3076 1186 3152 Homer,
1205 3097 1311 3136 moeso
1332 3071 1407 3135 dalo

311 3158 409 3228 mitt
440 3156 507 3221 dele
526 3181 599 3222 cose
616 3159 680 3220 alui
700 3161 753 3240 pin
773 3181 832 3242 pro
857 3160 971 3246 inque,
1004 3157 1141 3222 delibero
1178 3179 1236 3222 con
1266 3158 1407 3219 l'armatr

311 3250 418 3306 toruar
435 3243 487 3303 nol
504 3263 563 3306 ouo
579 3264 676 3326 paene
701 3243 744 3306 Et
759 3183 995 3306 contiircendose
1016 3241 1064 3304 ale
1083 3241 1161 3324 galie
1180 3243 1209 3302 ia
1229 3241 1329 3326 preda
1349 3241 1409 3302 che

310 3321 411 3389 havea
437 3324 569 3387 robbata
599 3347 656 3408 per
675 3325 705 3386 ie
740 3335 822 3388 terre
842 3327 876 3389 di
897 3327 988 3389 Greci
1005 3347 1097 3388 verso
1119 3325 1149 3386 le
1168 3335 1259 3408 parte
1280 3324 1321 3387 de
1342 3324 1406 3384 Po·

269 3417 422 3491 29aente,
447 3408 663 3471 Cathacusiaoi
687 3409 833 3494 mogliara
865 3411 904 3474 de
927 3408 1160 3484 Cathacnsino,
1183 3409 1287 3470 donna
1306 3407 1407 3468 molto

309 3490 471 3575 splendida
491 3503 524 3554 et
542 3492 680 3572 liberale,
701 3493 815 3556 mando
833 3493 872 3556 ad
887 3493 1009 3556 Homur
1019 3492 1135 3574 grandi¹
1142 3492 1277 3574 presenti
1297 3491 1338 3553 de
1359 3488 1406 3551 di·

309 3597 400 3639 verse
418 3585 505 3638 sorte
520 3584 554 3638 et
573 3577 649 3640 doni
670 3576 767 3639 molto
788 3577 883 3639 ricchi
904 3587 935 3638 et
953 3576 1091 3658 pretiosi.
1135 3577 1265 3638 Arivato
1283 3575 1407 3636 Homer

310 3657 372 3722 elle
391 3661 534 3733 Smirne,
557 3660 650 3723 troni)
670 3657 700 3720 ei
717 3661 812 3722 castel
832 3661 871 3722 de
882 3661 943 3722 Son
965 3661 1059 3723 Piero
1082 3661 1221 3740 compito
1247 3668 1280 3720 et
1302 3655 1406 3718 muni-

311 3750 346 3805 to
367 3741 441 3804 dalli
461 3743 569 3804 serreri
588 3743 628 3804 de
647 3743 762 3805 Rhodo
784 3744 823 3805 de
843 3747 914 3825 ogni
936 3754 1020 3804 sorta
1040 3741 1215 3804 munitione
1235 3751 1269 3804 et
1287 3739 1327 3802 de
1345 3741 1407 3802 ho·

310 3825 391 3886 mini
412 3825 570 3888 bellicosi
593 3825 760 3889 amoenet
790 3831 908 3909 experti
931 3828 962 3888 in
983 3826 1012 3888 le
1032 3847 1127 3889 orme.
1172 3827 1216 3886 La
1236 3823 1311 3908 qnal
1334 3844 1407 3884 cosa

311 3907 345 3970 so
366 3919 455 3971 tanto
476 3909 623 3972 doloroso
643 3921 676 3972 et
694 3910 824 3972 molesta
843 3910 882 3972 ad
901 3911 1027 3974 Homur
1048 3919 1178 3994 quanto*
1192 3910 1221 3970 ta
1241 3930 1297 3970 sna
1318 3927 1409 3968 mor-

310 3997 357 4052 te.
409 3992 501 4054 Onde
529 3994 664 4056 nolano
693 3994 796 4056 animo
829 3991 1031 4056 formamenta
1053 4013 1187 4076 propone
1222 4013 1241 4052 o
1273 3989 1408 4072 prender

313 4071 416 4155 quello
439 4077 583 4154 castello,
606 4101 627 4140 o
646 4079 778 4162 perdere
808 4077 929 4138 i'onima
949 4099 1015 4143 rua.
1057 4077 1101 4138 Et
1121 4076 1224 4138 subito
1242 4075 1309 4136 fece
1329 4093 1406 4155 por.

312 4165 362 4218 tar
388 4158 503 4251 grande
531 4163 624 4243 copia
651 4163 690 4223 de
708 4161 885 4223 ferramenti
906 4171 937 4222 et
958 4161 1099 4243 legneme
1119 4160 1258 4220 machine
1279 4167 1312 4218 et
1330 4155 1404 4216 arti-

312 4237 423 4324 gliarte
440 4249 472 4303 et
494 4241 591 4328 dogni
609 4246 690 4310 iacta
709 4244 814 4308 bellini
836 4243 1034 4309 instrumenti
1057 4243 1096 4306 ad
1118 4263 1264 4328 rumpere
1283 4240 1315 4304 le
1336 4258 1405 4302 mn·
