3075 4825
326 334 412 425 288
582 359 720 427 uucsu
747 360 963 430 urcusanrs
981 358 1149 431 mous

301 515 447 595 Βαάντας
478 505 521 587 uic
549 510 694 594 πρόβατα
721 512 924 597 τιττιράκαμεν
954 507 1006 587 cir.
1047 517 1076 580 oi
1096 518 1132 581 dd
1151 516 1207 601 τῆς
1226 515 1326 600 αάλῆς
1346 518 1408 581 sos'i

328 612 485 698 septimo
513 607 681 693 ἄζάιτιδες,
716 612 749 677 ολ
766 613 823 678 καί
848 614 1022 701 μενίτζαροι
1042 618 1219 700 κέκληνται,
1243 614 1273 679 οὶ
1293 618 1354 695 μὲν
1373 616 1408 682 ἓν

211 775 216 781 ,
329 716 374 801 sq'i
394 708 536 799 παλατίτρ
555 712 767 796 κατέδραμον,
791 710 821 775 οῖ
840 714 876 778 δὲ
888 715 967 798 πράς
985 712 1042 798 τὴν
1060 713 1197 797 μεγάλου
1209 711 1408 799 Προδράμοτι

329 806 429 894 μονὴν
447 806 503 893 τήν
522 810 761 895 ἐπικεκλημένην
781 811 920 894 Πέτραν,
940 814 997 875 καί
1014 813 1049 876 ἐν
1071 814 1110 898 τῇ
1128 813 1208 900 μονῇ
1226 813 1280 895 τῆς
1298 813 1410 897 χώρας

327 912 364 977 ἐν
382 902 405 995 ᾖ
424 908 480 971 καί
496 905 516 990 ἢ
535 904 628 971 aiacis
646 910 701 991 τῆς
731 904 893 992 τιανάγνου
913 932 976 991 μον
996 912 1190 995 θεομητορος
1207 904 1246 996 ἦν
1265 910 1440 995 εὕρισκε-5

329 1011 407 1091 μάνη
427 1002 511 1076 τότε.
561 1003 648 1087 ἐκεῖ,
669 998 697 1070 d
718 1010 846 1089 γλῶσσα
866 1010 922 1071 καί
938 1010 1030 1091 χείλη
1050 1007 1071 1093 ἦ
1089 1011 1249 1090 μέλλουσα
1269 1012 1410 1095 φθέγξα-

330 1109 410 1171 σθαι
427 1102 468 1168 τά
494 1106 534 1190 τῇ
557 1102 654 1167 εἰκόνι
673 1104 841 1187 συμβάντα
865 1104 919 1169 διὰ
940 1104 998 1182 τάς
1019 1106 1176 1192 ἁμαρτίας
1195 1109 1270 1172 ooo!
1294 1102 1412 1189 ἄγωντ-

329 1201 454 1286 ζόμενοι
474 1200 504 1267 οἱ
531 1199 705 1267 ἀποστάται
733 1207 793 1267 τοῦ
814 1204 1031 1287 καταδραμεῖν
1049 1210 1104 1270 καί
1123 1199 1256 1285 ἄλλοθι,
1278 1208 1412 1269 πέλειαν

330 1407 398 1487 poia
418 1400 519 1465 orituri
549 1402 595 1475 τίς
624 1402 765 1485 τέσσαρα
796 1403 989 1485 διεῖλε,καί
1015 1400 1076 1468 σάν
1095 1406 1137 1490 τῷ
1156 1404 1287 1486 τυχόντι
1304 1398 1412 1489 κόσμορ
1425 1426 1458 1467 ro

303 1502 461 1572 ὒὲκαστος
493 1496 528 1564 τά
557 1496 639 1565 ἴδιον
654 1501 800 1583 μερίδιον
827 1496 938 1581 ἔλαβε,
960 1503 1072 1584 κλῆρον
1093 1499 1278 1583 βάλλοντες,
1300 1499 1359 1565 καί
1376 1498 1415 1565 τά

232 1605 265 1661 V.
278 1602 389 1683 ιλοτῆς
407 1599 504 1679 μονῆς
521 1601 612 1678 τίμια
634 1596 730 1681 σκεύη
751 1596 949 1682 ἁρπάσαντες
970 1592 1098 1687 ᾤχοντο.
1139 1598 1194 1665 καί
1214 1602 1259 1676 εἰς
1281 1598 1341 1665 τὸν
1359 1602 1416 1665 τοῦ

334 1688 703 1782 πρατοστράτοροςοῖκον
722 1695 872 1777 ἐμβάντες
892 1696 1076 1782 θησαυροὺς
1096 1690 1222 1783 ἤνοιξαν
1239 1698 1314 1773 τούς
1336 1695 1416 1781 αρί-

333 1802 435 1861 τταλαι
453 1796 727 1879 βησανριοθίντας
746 1796 780 1873 ἐξ
802 1795 927 1879 ἡμερῶν
946 1799 1106 1878 παλαιῶν,
1130 1800 1341 1875 ὲξνπνιζοντες
1359 1794 1417 1870 τὰς

334 1893 498 1977 :crustae
516 1894 553 1957 ἐκ
571 1895 628 1977 τῆς
648 1896 773 1977 κοίτης·
813 1887 854 1978 ἦν
874 1890 936 1978 γάρ
958 1892 1099 1971 δΜάϊος
1118 1899 1226 1982 φέρων
1245 1894 1346 1961 εἴκοσι
1367 1896 1416 1960 ἐν·
1429 1896 1461 1961 15

334 1998 400 2076 νέα,
416 1995 472 2057 καί
488 1986 656 2074 inperialia
671 1986 769 2066 ὕπνος
785 1991 865 2076 ἦδάς
881 1983 919 2077 ἦν
932 1996 966 2059 ἐν
985 1992 1248 2080 ὄφθαλμοῖςτάν
1266 1997 1346 2060 κέων
1365 1991 1421 2059 καί

334 2090 502 2159 νεανίδων·
523 2090 567 2165 ὥς
590 2091 671 2172 χθὲς
689 2086 753 2172 γάρ
775 2093 830 2155 καί
848 2088 1013 2176 πρότροτα,
1032 2096 1215 2180 θαρρῶντες
1235 2092 1420 2177 άμερίμνας
1519 2156 1520 2175 ,

335 2186 539 2269 ἕκοιτάζοντο.
569 2187 638 2253 τότε
662 2196 774 2273 στῖφος
792 2186 873 2253 πολὺ
893 2193 955 2254 τῶν
967 2184 1092 2273 άσεβῶν
1111 2183 1208 2279 ᾤχετο
1221 2189 1277 2257 τόν
1297 2190 1420 2275 δρόμον

338 2288 392 2356 τὸν
412 2287 575 2373 ἀπάγοντα
595 2288 630 2353 δν
645 2290 687 2375 τῇ
705 2284 824 2375 μεγάλῃ
845 2290 999 2377 ἐκκλησίᾳ,
1023 2288 1078 2355 καί
1096 2284 1136 2375 ἢν
1156 2292 1234 2355 ἰδεῖν
1253 2291 1287 2366 ἐξ
1310 2285 1419 2353 ἕκατί·
1519 2284 1520 2368 l

335 2411 402 2474 ραν
420 2392 482 2452 τῶν
502 2387 610 2472 μερῶν
629 2410 661 2451 τι
680 2389 853 2470 τέχνασμα.
896 2392 1018 2475 πρωίας
1035 2387 1097 2475 γάρ
1119 2381 1234 2472 οὔσης,
1254 2384 1304 2453 ἔτι
1328 2394 1463 2454 iocoso

305 2484 516 2573 Βφεγγοάσης
535 2488 600 2570 ,τῆς
634 2485 778 2570 ἡμέρας,
813 2489 895 2560 τινὲς
912 2491 977 2552 τῶν
992 2486 1163 2570 Ῥωμαίων
1181 2489 1215 2552 ἐν
1233 2490 1272 2574 τῇ
1294 2489 1422 2573 εἰσβολῇ

337 2589 400 2650 ταῖν
424 2582 571 2666 Τοάρκαν
596 2584 653 2647 καί
669 2584 707 2668 τῇ
728 2588 817 2672 φυγῇ
847 2587 908 2650 τῶν
930 2589 1065 2653 πολιτῶν
1084 2583 1233 2674 ἔφθασαν
1252 2583 1422 2672 φεύγοντες

337 2684 397 2750 τοῦ
419 2685 608 2764 καταλαβεῖν
624 2677 682 2758 τὰς
700 2681 801 2762 αι’κάτς
820 2682 875 2749 καί
894 2683 1180 2772 ττρομηθεάσασθαι
1198 2683 1351 2752 τὰτέκνα
1370 2689 1424 2750 καί

342 2910 406 2954 runt
423 2899 584 2954 cecidimus:
602 2899 646 2952 sin
660 2906 763 2954 tantam
777 2901 807 2953 in
827 2899 895 2952 urbe
912 2901 1030 2954 militum
1054 2903 1265 2973 infrequentiam
1293 2919 1327 2955 ac
1355 2918 1423 2974 pau-

341 2975 452 3026 citatem
475 2969 708 3041 cognovissemus,
733 2988 826 3022 omnes
844 2979 973 3041 tanquam
990 2973 1109 3043 pecudes
1124 2975 1303 3027 venumdatos
1323 2974 1424 3026 dista-a-

341 3045 480 3096 xissemus.
499 3045 604 3096 interea
621 3041 703 3092 etiam
719 3042 827 3109 tyranni
845 3042 986 3110 crepides,
1014 3045 1062 3113 qui
1081 3045 1162 3096 etiam
1180 3045 1304 3097 ienitaeri
1324 3061 1425 3096 vocan-

342 3123 399 3175 tur,
441 3115 520 3165 artim
538 3113 568 3164 in
584 3111 735 3181 palatium,
758 3111 858 3180 partim
875 3114 905 3164 in
921 3116 1113 3166 monasterium
1130 3117 1221 3184 magni
1239 3115 1424 3186 praecunctis

343 3185 370 3235 S.
387 3132 515 3234 lobannis
532 3183 687 3252 Baptistae,
707 3198 778 3252 quae
798 3183 874 3234 Petra
897 3182 1055 3248 dicebatur,
1074 3193 1241 3238 concursant.
1261 3186 1310 3238 alii
1330 3201 1425 3238 mona·
1518 3237 1519 3248 ,

343 3255 455 3306 sterium
475 3253 592 3321 regionis
608 3252 700 3314 urbis,
720 3254 751 3302 in
779 3269 834 3322 quo
852 3261 918 3304 tunc
935 3255 1152 3323 conspiciebatur
1169 3257 1256 3324 imago
1278 3258 1425 3308 intemera-
1518 3257 1519 3274 l

342 3331 388 3375 tac
407 3323 500 3376 matris
518 3322 577 3385 dei,
595 3321 722 3374 dominae
742 3339 834 3386 meae,
852 3323 990 3376 invadunt
1005 3342 1059 3393 qua
1079 3325 1170 3394 lingua
1189 3325 1324 3395 quibusve
1344 3325 1425 3376 labiis

344 3395 456 3464 eloqui,
481 3392 608 3462 quisquis
632 3408 679 3456 es,
708 3393 811 3462 poteris
837 3408 869 3443 ea
896 3410 966 3462 quae
991 3404 1101 3464 propter
1118 3405 1229 3464 peccata
1248 3405 1296 3447 tua
1313 3393 1424 3463 imagini

345 3465 388 3515 illi
404 3472 471 3516 tunc
496 3461 690 3532 contigerunt?
709 3463 782 3516 inter
806 3471 941 3531 apostatas
959 3464 1025 3516 istos
1043 3465 1160 3534 impios,
1181 3467 1236 3518 alio
1256 3483 1365 3518 currere
1384 3465 1426 3514 di-

345 3533 464 3606 ripicndi
490 3549 569 3584 causa
597 3533 776 3596 festinamus,
804 3549 874 3585 unus
902 3534 1011 3586 adunco
1035 3537 1129 3588 stricto
1149 3553 1226 3600 eam,
1250 3545 1279 3588 et
1293 3533 1426 3606 quicquid

343 3603 497 3657 ornamenti
526 3604 630 3665 inerat,
667 3603 781 3673 impuris
811 3603 936 3656 manibus
972 3605 1028 3655 suis
1065 3607 1095 3658 in
1126 3607 1212 3659 frusta
1238 3615 1357 3676 quatuor
1384 3605 1427 3656 di-

344 3675 441 3739 scidit,
472 3682 501 3726 et
522 3681 595 3725 sorte
624 3671 705 3723 ducta
728 3690 808 3725 suum
833 3675 949 3743 quisque
975 3674 1053 3726 tulit:
1079 3675 1186 3747 direpta
1204 3675 1315 3728 taudem
1331 3691 1428 3727 mona-

343 3747 421 3797 sterii
446 3743 567 3814 pretiosa
593 3742 764 3812 supellectile
790 3742 925 3796 abierunt
950 3743 979 3796 in
1014 3744 1123 3798 domum
1149 3746 1250 3799 deiude
1278 3755 1427 3816 protostra-

343 3817 411 3867 toris
445 3813 596 3882 irruptione
629 3811 716 3875 facta,
739 3812 882 3865 thesauros
908 3815 1003 3867 multis
1030 3817 1110 3868 aunis
1140 3827 1280 3887 congestus
1310 3817 1428 3868 effractis

344 3887 412 3936 arcis
440 3884 624 3944 recluserunt,
641 3882 757 3933 feminas
775 3883 881 3936 nobiles
899 3900 994 3938 somno
1022 3885 1151 3956 lectoque
1176 3889 1344 3939 excitarunt:
1362 3885 1428 3938 isaii

344 3955 447 4006 etenim
473 3953 574 4004 mensis
599 3951 658 4003 dies
683 3953 827 4020 vigesimus
856 3972 944 4007 nonus
981 3953 1128 4024 agebatur,
1155 3967 1184 4010 et
1213 3957 1429 4009 adolescentium

345 4025 554 4094 puellarumque
579 4020 719 4092 palpebris
742 4022 831 4075 dulcis
858 4041 967 4078 somnus
990 4027 1167 4080 antelucanus
1184 4026 1342 4090 insidebat,
1370 4043 1428 4078 cum

346 4095 434 4145 securi
453 4110 485 4144 ac
501 4093 582 4145 rebus
596 4093 651 4144 suis
671 4092 782 4158 confisi,
810 4095 916 4146 utheri
936 4113 967 4148 ac
984 4096 1199 4161 nudiustertius,
1221 4114 1317 4150 somno
1338 4096 1429 4148 indul-

346 4169 448 4229 gerent
471 4171 531 4214 tnm
556 4163 700 4232 impiorum
727 4163 841 4216 densum
859 4181 953 4233 agmen
980 4167 1010 4218 in
1026 4183 1148 4236 magnam
1167 4169 1310 4220 ecclesiam
1328 4167 1429 4229 fertur3

345 4233 507 4304 speciesque
526 4235 694 4303 stragematis
715 4233 849 4305 quaedam
862 4236 934 4290 iuter
952 4238 1017 4290 istas
1034 4237 1128 4291 turbas
1145 4238 1275 4308 utrinque
1296 4237 1430 4308 conspici·
