3075 4825
238 342 455 409 ursaoanr
481 342 737 409 ονιιιιτιοιο
763 344 854 413 car.
874 350 1041 413 xxauu.
1132 326 1216 437 τος

139 500 234 579 μένος
261 498 317 582 τῆς
343 498 468 581 χρυσῆς
485 496 588 581 ιιύλης
615 494 712 571 ἐκτύς.
756 492 791 561 αἱ
812 498 848 560 δέ
869 496 942 581 νῆαι
963 497 1114 565 ἐλθοῦσαι
1137 500 1249 575 suain

138 595 200 679 την
220 594 290 662 ἴσον
310 594 407 677 ὁδόν,
429 599 486 661 ιιιιί
503 595 691 678 βονλύμινοι
713 598 852 681 περᾶσαι
877 597 933 663 τδν
952 597 1217 684 Μεγαδημηιριον

138 693 199 779 τὴν
217 689 387 778 ύιιρύτιολιν
404 696 461 759 τοῦ
481 696 636 761 εἰσελθεῖν
654 698 688 759 ἐν
706 696 749 783 τῷ
759 697 909 785 Κορατίῳ
923 693 1043 786 κύλιιιρ,
1062 699 1102 763 τοὶ
1123 704 1218 764 πλοῖα

138 796 330 861 ιένθιλνιανιο
357 803 429 870 ταῖς
462 795 585 861 ναοσίν.
632 786 671 878 ἦν
690 792 752 880 γὰρ
780 795 837 859 καί
855 794 875 879 ἦ
894 798 1041 863 θάλασσα
1060 800 1160 887 ἐκείνη
1179 798 1218 885 τῇ

111 889 211 982 Scias
230 888 337 970 εύδιος
368 894 486 976 ύνέμοο
520 893 565 979 μή
586 896 738 971 πνέοντος.
779 892 835 959 καί
851 888 891 979 ἦν
910 898 990 961 ἰδεῖν
1010 900 1099 979 ξένην
1117 900 1216 963 θέαν·

136 998 399 1078 ιιατοιστροοθιῖσα
434 991 497 1077 γὰρ
516 992 537 1077 ἦ
559 991 708 1058 θάλασσα
730 1003 794 1069 τοῖς
814 990 925 1069 ἱστίοις
945 998 1137 1079 τριακοσίοις
1156 998 1221 1061 τῶν

142 1091 292 1176 Τούριιιον
306 1095 363 1158 soi
378 1095 468 1157 ιιένιι
480 1094 639 1176 μεγίστοις
659 1096 722 1157 τοῖν
735 1098 830 1177 νηοῖν,
849 1094 1009 1179 ἐξὴιιλωτο
1028 1094 1048 1179 ἡ
1071 1092 1221 1161 θύλοσσα

136 1187 183 1267 ὥς
210 1194 344 1276 χέρσος,
372 1189 429 1256 καί
460 1189 522 1255 sini
554 1195 617 1257 raia
633 1193 734 1273 βτλοδν
764 1194 840 1257 ούδέ
860 1189 919 1271 τιές
939 1190 1047 1269 ιιιύιιας
1065 1194 1221 1277 η’δύνανιο

136 1293 332 1377 καταφέρειν
362 1292 398 1355 ἐν
431 1299 498 1367 τοῖς
516 1284 643 1356 ύδοοιν.
696 1288 726 1355 οἱ
740 1293 777 1355 δὲ
799 1294 855 1373 τῆς
874 1287 948 1376 νηύς
970 1290 1014 1367 nic
1036 1290 1123 1357 αἰτοέ
1139 1289 1220 1357 ύιιύ-

90 1412 249 1473 romanor
264 1381 414 1471 ἄνωθεν,
451 1387 494 1465 οἷς
516 1386 688 1472 νεραονούς
698 1441 708 1472 ,
728 1386 768 1454 τύ
789 1394 866 1475 βέλη
886 1394 947 1455 τοῖν
965 1392 1108 1474 τζαγριδν
1127 1398 1219 1457 sust·

135 1510 263 1569 νιεμιιον
279 1486 334 1552 ναί
362 1485 419 1563 τὰς
436 1485 554 1563 σκτούς
575 1490 730 1569 αἰιέλνον,
763 1486 819 1553 καί
840 1487 936 1573 φόνος
956 1490 1014 1553 ούιι
1035 1484 1135 1573 ὀλίγος
1154 1493 1253 1561 susp.
1265 1508 1314 1567 152

141 1584 293 1671 Τούριιαιν
319 1588 451 1671 ἐγένετο.
505 1586 523 1649 ὁ
545 1590 581 1651 δέ
601 1583 750 1669 τύραννος
769 1584 833 1651 ύιιδ
853 1592 911 1671 τῆς
931 1580 1011 1671 ἆγον
1033 1589 1218 1669 ἀλαζονείας

135 1682 279 1772 ὁρμήσας
297 1690 331 1752 ἐν
350 1689 389 1774 τῇ
406 1684 553 1774 θαλάσση
580 1686 790 1769 ἐποχούμενος
811 1688 914 1776 ἵππῳ,
935 1686 1126 1773 ἐφοντύζετο
1146 1690 1218 1771 σχί-

136 1786 204 1864 ζειν
223 1783 281 1869 τῆν
306 1784 474 1851 θάλασσαν
493 1785 549 1850 καί
565 1788 624 1861 ἕως
645 1786 751 1851 αύτοῖν
776 1788 839 1852 ταῖν
859 1789 942 1871 νηαῖν
965 1784 1019 1851 διιέ
1039 1790 1099 1852 τού
1118 1790 1216 1853 tanos

87 1889 290 1953 ιδιιλτῦοαι·
310 1880 403 1950 τόσον
419 1886 577 1965 ἐθυμοῦτο
591 1888 625 1950 ἐν
643 1894 706 1961 τοῖς
726 1886 842 1968 αὐτοῦ,
863 1886 917 1951 καί
938 1882 1103 1969 ἧένοιιλος
1122 1910 1217 1971 στρα-

133 1981 192 2047 τιιέ
212 1981 273 2047 σύν
300 1982 399 2071 αύτῷ.
436 1981 502 2049 τότε
533 1984 651 2065 α’νέμοο
671 1981 890 2067 πνεύσαντος,
912 1986 967 2049 καί
984 1980 1025 2049 τύ
1045 1985 1132 2051 ἱστία
1153 2009 1217 2072 φν-

133 2082 296 2165 σηθέντοι,
318 2084 481 2165 σχίσαντες
500 2080 541 2147 τύ
561 2088 656 2147 ιιλοῖα
675 2083 734 2165 τὴν
752 2087 788 2148 ἐν
804 2086 848 2171 τῷ
867 2084 971 2163 λιμένι
994 2078 1070 2149 teta
1089 2081 1217 2167 ἔνιλιον,

132 2177 175 2245 τύ
210 2182 247 2245 δὲ
277 2188 370 2245 νιλοῑα
387 2180 532 2263 ἔμειναν·
590 2182 620 2245 ci
644 2178 705 2265 γὰρ
726 2172 765 2264 ἦν
785 2178 964 2263 ἔμπροσθεν
983 2182 1088 2247 circis
1107 2176 1218 2247 τύτιύ

133 2275 249 2354 στύλος
267 2283 326 2344 τοῦ
344 2282 526 2365 βαρβάρου,
549 2278 698 2345 ἐδύναντο
719 2273 760 2345 nis
782 2278 816 2343 oi
837 2280 927 2343 ιιὲντι
949 2270 1046 2345 οὗτοι
1066 2282 1140 2362 νῆαι
1161 2296 1216 2345 soe

85 2376 321 2444 aoroeuom‘oar
350 2381 406 2444 καί
440 2376 480 2444 τέ
508 2375 683 2461 τριακόσια
735 2375 812 2442 tat
831 2374 1038 2463 τύραννοςμη
1057 2380 1218 2463 γινιύοιιιον

132 2475 194 2560 τὴν
214 2479 268 2560 τῆς
295 2478 454 2562 θαλάττης
483 2476 656 2562 ἐπιστήμην
680 2474 775 2558 μόνον
805 2478 976 2562 ἐνέτραγον.
1024 2475 1097 2542 ὅδὲ
1118 2481 1218 2560 μέγας

134 2575 359 2652 νοντύσταολος
380 2579 479 2642 αύτού
501 2577 558 2640 ούιι
580 2576 734 2661 ἠθέλησεν
754 2579 913 2642 αἰιούσαι·
956 2579 1011 2641 ιιαέ
1028 2573 1089 2661 γύρ
1111 2599 1242 2658 παρα-ῃ

135 2671 238 2754 λόγος
262 2671 484 2756 ἐιιρύσταττεν.
533 2674 605 2740 τύττ
623 2679 790 2756 θυμωθείς
810 2673 828 2738 δ
849 2673 1001 2758 τύραννος
1022 2669 1136 2758 ιύρισεν
1158 2671 1215 2739 riv

134 2767 248 2838 στύλον
268 2767 419 2839 ἐπελθεῖν
437 2775 472 2838 ἐν
491 2777 536 2863 agi
557 2776 656 2862 διιιλρῖ
674 2773 766 2857 κίονι,
785 2770 841 2838 τὸν
861 2775 896 2838 δὲ
908 2775 1008 2857 μέγαν
1028 2769 1218 2838 ιιοντύοταν-

132 3033 241 3083 Aureae
259 3039 354 3100 portae
376 3040 549 3101 expectantes
572 3033 690 3085 stabant
710 3033 825 3086 naribus
841 3039 932 3084 autem
949 3039 1048 3084 rectam
1066 3031 1137 3084 viarn
1153 3040 1215 3086 ten-

133 3101 282 3164 dentibus,
307 3104 550 3174 anaitentibusque
567 3104 809 3172 Megademetrium
834 3121 934 3167 arcem,
954 3112 984 3155 ut
1005 3105 1094 3155 sinum
1111 3104 1215 3158 Cerati-

132 3191 200 3226 num
217 3173 323 3241 ingredi
340 3183 463 3242 possent,
482 3191 627 3242 superare,
646 3176 751 3242 navigia
770 3175 933 3226 obstabant:
952 3189 1025 3225 mare
1043 3175 1132 3239 enim,
1149 3191 1215 3228 ven-

132 3254 163 3296 to
183 3253 252 3296 tunc
268 3246 375 3312 posito,
392 3245 570 3312 tranquillum
591 3253 656 3296 erat
676 3247 860 3314 spectaculum
878 3247 960 3298 etiam
977 3245 1119 3298 visendum
1138 3246 1216 3298 exbi-

131 3315 253 3366 bebatur
270 3316 347 3367 strati
365 3317 446 3366 maris
460 3315 610 3366 Turcorum
627 3315 695 3366 vetis
713 3318 842 3368 trecentis
862 3324 889 3368 et
907 3317 1028 3386 quinque
1046 3318 1148 3386 maguis
1166 3333 1216 3368 na-

131 3385 230 3449 vibus,
248 3385 447 3454 videbaturque
466 3403 569 3454 aequor
585 3385 620 3453 αδ
640 3387 727 3454 campi
745 3386 832 3438 instar
849 3389 1064 3455 complanatum
1081 3405 1132 3440 nec
1150 3405 1215 3456 pro-

129 3465 197 3526 pter
224 3455 341 3508 telorum
360 3457 540 3524 frequentiam
568 3457 636 3508 remi
653 3457 682 3507 in
700 3473 798 3526 aquarn
818 3455 937 3526 demergi
954 3467 1087 3527 poterant.
1105 3459 1214 3512 navium

129 3536 273 3588 vectores,
304 3537 336 3578 ut
353 3528 462 3596 aquiiae
487 3528 593 3592 alatae,
624 3527 794 3648 esugeriori
812 3527 872 3579 loco
889 3529 919 3580 iu
946 3529 1052 3598 navigia
1068 3528 1215 3580 humiliora

130 3597 241 3648 balistis
259 3597 331 3660 teia,
352 3598 428 3648 seirat
444 3597 574 3661 fulmina,
594 3598 689 3650 emitte
710 3607 773 3661 ant,
794 3615 908 3667 quorum
928 3599 1066 3652 machiner
1084 3604 1216 3667 ruperunt

129 3669 286 3719 Turcorum
310 3669 414 3736 ingenti
442 3677 528 3737 strage
555 3669 638 3720 edita.
654 3678 784 3736 tyrannus
809 3669 928 3737 ingenita
947 3670 1076 3739 superbia
1094 3677 1122 3719 et
1137 3666 1216 3718 sani-

130 3747 190 3790 tate
211 3738 340 3791 undasse
360 3738 463 3790 findere
482 3755 562 3807 posse
580 3749 608 3790 et
625 3757 697 3809 equo
711 3740 746 3790 acl
763 3756 844 3791 naves
867 3756 953 3809 usque
970 3749 1114 3808 penetrare
1130 3737 1216 3787 consr-

129 3809 236 3861 debat:
253 3808 321 3860 adeo
341 3809 397 3860 suis
416 3819 444 3860 et
459 3809 518 3877 ipse
535 3811 703 3862 irascebatur
720 3819 749 3862 et
767 3810 816 3879 qui
836 3809 930 3862 aderat
944 3811 969 3860 ei
988 3809 1129 3860 exercitus.
1148 3823 1215 3857 ven-

128 3889 160 3931 to
178 3882 285 3932 interea
311 3880 429 3931 excitato
456 3880 572 3947 velaque
588 3881 730 3944 sinuaute,
747 3897 829 3932 naves
846 3898 895 3950 per
913 3881 999 3930 acatia
1020 3875 1122 3937 media,
1142 3892 1213 3945 quae

129 3952 278 4003 stationem
295 3967 370 4001 suam
387 3965 443 4001 non
461 3949 651 4011 deseruerunt,
671 3952 701 4000 in
717 3959 826 4018 portum
846 3951 1012 4002 deseruntur.
1031 3945 1129 4070 ροοδιὶ
1147 3955 1213 3998 tone

130 4023 258 4072 universa
285 4021 376 4072 classis
400 4019 509 4070 barbari
535 4019 615 4070 obvia
633 4020 768 4082 stetisset,
795 4021 870 4072 illam
890 4019 1032 4086 demergen
1053 4035 1069 4068 o
1089 4019 1212 4088 quinque

129 4105 214 4142 naves
230 4092 299 4142 istae
319 4107 396 4159 pares
414 4098 497 4142 erant
517 4098 646 4156 tyrannus
664 4091 703 4140 rei
720 4091 846 4141 nauticae
865 4093 972 4158 ignarus
990 4089 1025 4140 ad
1038 4088 1166 4142 clamores
1183 4096 1212 4140 et

129 4161 339 4213 vociferationes
355 4177 498 4212 conversus
514 4168 573 4222 est;
595 4159 695 4229 quibus
724 4177 835 4227 magnus
854 4161 912 4211 eius
930 4159 1131 4222 contestamus,
1149 4175 1210 4210 curn

130 4230 251 4284 absurda
274 4231 399 4293 iuberet,
416 4231 568 4283 auscultare
594 4231 698 4283 noluit
711 4231 751 4282 ira
768 4238 833 4281 tunc
848 4246 974 4282 accensus
993 4239 1121 4300 tyrannus
1140 4229 1210 4281 clas-
