3075 4825
343 347 504 416 nnnco
538 312 790 414 rnrnnrnm
823 346 1013 414 inemo.
1142 319 1220 405 5οι

154 498 255 562 nsciro
272 493 352 562 'rioilo
373 499 527 563 contraria
545 507 696 593 partenet
713 521 846 584 prescno
862 497 957 582 quelli
978 508 1010 562 ct
1030 501 1143 564 menoli
1168 503 1288 590 oliam
1396 535 1400 542 ·

151 585 228 728 faulio
245 583 295 645 del
315 587 484 667 capitaneo.
506 584 545 645 El
560 585 650 668 quale
668 585 793 646 subhito
812 584 946 645 recevuti
964 584 1020 644 che
1035 583 1057 644 li
1076 585 1175 647 hebbe
1196 587 1227 649 in

201 666 297 750 golia,
326 667 391 729 fece
423 667 507 728 levor
528 667 557 728 ie
577 688 687 728 ancore
712 677 743 726 et
764 667 912 748 spondere
932 667 960 728 le
980 665 1068 742 velo,
1088 679 1119 730 et
1138 672 1227 731 navi.

150 771 226 832 gova
246 769 334 812 verso
363 750 474 811 Rhodi.
514 751 649 812 Essendo
681 753 785 812 venuti
815 771 957 831 appresso
983 749 1011 810 hr
1034 750 1110 826 cin,
1132 753 1230 815 veddc

150 832 296 894 inchoet
316 855 421 915 grosse
441 855 520 895 nave
542 834 572 894 in
592 843 707 915 porto,
727 841 808 893 tutte
827 833 887 893 olla
909 833 974 893 vela
995 834 1228 914 opporechinte,

150 925 180 976 ct
201 914 231 976 la
253 915 312 976 cin
332 918 424 996 piena
446 916 485 977 dc
503 917 642 988 homini,
664 925 782 976 armata
803 927 832 976 et
851 927 1017 997 preparata
1039 915 1078 976 ad
1096 931 1230 979 sostene-

151 1019 187 1060 rc
205 1009 236 1059 et
262 1007 455 1060 contrastare
484 999 522 1060 ad
547 998 619 1081 ogni
639 1008 768 1080 potente
789 1009 915 1060 armata.
958 999 1089 1060 sohbito
1111 1000 1230 1063 voltatc

153 1080 182 1141 le
216 1101 332 1162 prore,
362 1081 508 1143 nomenoi>
537 1083 654 1142 solcarc
683 1081 711 1142 cl
739 1102 826 1142 mare
847 1103 938 1143 verso
959 1081 988 1142 la
1010 1082 1105 1142 insola
1125 1083 1230 1162 Choa3

149 1163 232 1224 dove
255 1163 367 1224 crivoti
385 1167 459 1225 mise
478 1165 609 1246 legente
630 1164 661 1223 in
680 1174 773 1230 terro.
792 1165 958 1225 Trovaodo
980 1167 1008 1225 iu
1030 1164 1153 1226 castello
1175 1167 1231 1227 ab.

149 1245 338 1318 bandonan,
354 1257 384 1308 et
397 1247 525 1308 rohbate
542 1249 569 1307 le
581 1246 678 1308 robbe
696 1248 753 1308 che
776 1247 935 1328 podevano
948 1261 1083 1329 portare,
1103 1270 1234 1330 preseno

148 1328 251 1390 alcuni
274 1332 379 1411 poveri
391 1329 530 1390 huomini
551 1329 666 1406 vecchi,
682 1339 713 1391 et
729 1331 861 1407 vecchio,
884 1329 988 1413 iqnoli
1003 1352 1095 1391 erano
1116 1331 1233 1398 rimosi.

149 1412 191 1472 Et
207 1411 385 1472 demandati
402 1413 485 1474 dove
505 1435 558 1474 era
575 1412 603 1473 el
617 1413 730 1494 popolo
752 1414 790 1472 de
807 1412 879 1496 quei
898 1413 1042 1488 castello,
1066 1435 1234 1496 resposcno

149 1494 207 1555 cho
220 1516 253 1556 so
268 1515 320 1555 era
332 1496 508 1557 transferito
539 1495 577 1556 ad
593 1495 718 1572 Rachia,
732 1494 812 1556 nitro
827 1496 949 1556 castello
965 1495 1044 1558 dolia
1062 1497 1157 1558 insuia
1177 1497 1233 1580 piri

150 1577 243 1643 forte.
285 1578 440 1639 Passando
462 1579 607 1662 odunquc
630 1578 768 1640 i'armato
792 1581 824 1638 in
846 1579 978 1654 Rachia,
1001 1580 1022 1639 li
1040 1579 1160 1640 Turchi
1181 1603 1233 1641 ns.

151 1659 205 1722 citi
225 1663 258 1721 in
276 1670 359 1723 terra
390 1683 496 1742 loseno
519 1662 539 1722 li
562 1661 731 1744 poviglioni
750 1666 877 1722 intorno
900 1663 929 1722 ol
950 1662 1094 1736 castello,
1119 1665 1233 1724 Carnu.

150 1763 185 1804 so
205 1685 409 1806 rechiedencih
434 1744 528 1828 quelli
547 1745 603 1806 che
625 1766 720 1807 erano
741 1744 855 1806 dentre
875 1745 933 1806 che
951 1767 983 1806 se
998 1748 1136 1807 rcndcsse
1157 1745 1232 1819 alui,

149 1827 363 1906 promouendo
398 1849 456 1888 con
484 1836 677 1888 sacramento
708 1849 772 1890 noo
796 1826 931 1889 robhorii
954 1829 992 1888 nie
1014 1829 1082 1888 fnrli
1103 1829 1233 1889 schinvi.

149 1907 190 1968 Li
226 1907 297 1969 frati
318 1909 375 1971 che
402 1931 497 1971 erono
527 1910 578 1972 nel
607 1910 749 1989 castello,
780 1933 842 1971 non
873 1908 1038 1991 vogliondo
1058 1910 1135 1971 dorii
1157 1911 1235 1972 oltra

151 2003 315 2072 resposio‚
345 2002 506 2053 trazevono
539 1993 567 2054 lc
600 1991 732 2054 bolestro
751 2002 784 2054 ct
809 1992 995 2073 schiopetti‚
1028 2004 1058 2052 et
1076 1993 1237 2054 cacoiavoli

149 2069 259 2136 lonico
274 2073 353 2136 dalle
371 2097 462 2136 muro
474 2097 491 2136 a
503 2085 618 2156 quanto
638 2075 668 2136 le
683 2085 777 2138 soettc
795 2079 949 2138 tiravano.
969 2073 1088 2135 Alhora
1108 2077 1240 2138 Comusa

152 2158 370 2218 occostocdose
400 2159 428 2218 ai
463 2159 587 2220 castello
605 2179 662 2219 con
680 2157 836 2238 l’arrnota,
856 2157 1027 2240 piantando
1048 2157 1070 2217 li
1093 2157 1238 2232 bastnni,

150 2249 185 2300 et
211 2240 285 2321 ogni
305 2238 385 2302 altro
406 2241 580 2324 orteglioria
604 2241 796 2324 botingliesco
820 2238 1039 2317 exercitando,
1058 2241 1146 2301 xxll
1171 2261 1240 2300 zor·

151 2321 186 2382 ni
207 2323 342 2384 comburi
362 2323 390 2386 el
411 2324 534 2386 castello
547 2345 634 2396 senza
656 2323 768 2386 oicuno
790 2325 963 2406 guodogno.
1006 2322 1160 2384 Laoando
1183 2322 1239 2384 od-

152 2427 262 2489 unquc
280 2405 368 2469 molti
389 2406 520 2479 Turchi,
543 2418 632 2491 parte
651 2410 747 2469 morti
769 2409 801 2467 in
822 2407 851 2469 la
872 2405 1004 2489 botagiio
1024 2418 1054 2467 et
1074 2418 1162 2488 porte
1182 2428 1241 2488 per

150 2490 182 2550 la
206 2488 352 2551 ssuitione
372 2490 422 2551 dol
441 2512 552 2572 corpo,
574 2512 639 2551 esso
661 2512 719 2553 oon
740 2488 768 2551 lo
788 2512 844 2551 sua
865 2500 978 2550 armata
999 2491 1147 2571 navigova
1169 2510 1240 2550 ver.

147 2592 184 2633 oo
205 2572 297 2653 Asio.
337 2573 381 2634 Et
404 2568 579 2635 razonondo
600 2594 659 2657 per
679 2577 799 2634 comino
819 2594 879 2635 con
901 2572 1044 2651 Quirico‚
1065 2580 1301 2634 morcone-325

151 2676 192 2716 ro
216 2653 336 2716 inseme
365 2656 455 2717 ambe
488 2656 626 2738 leporio
654 2656 711 2718 che
729 2657 752 2717 li
771 2656 905 2758 priocioi
928 2655 968 2716 dc
990 2654 1068 2715 Chio
1086 2654 1240 2716 mandene

149 2740 179 2799 ai
199 2736 306 2799 duchc
341 2738 372 2798 in
394 2738 621 2821 Andrinnpoli‚
658 2739 697 2801 de
717 2739 740 2799 Ιί
761 2740 844 2822 quali
865 2739 948 2799 luno
969 2738 1014 2798 oia
1032 2738 1185 2815 Quirico‚
1209 2747 1241 2799 et

148 2820 290 2902 exposito
306 2830 388 2883 tutto
404 2822 432 2882 la
448 2844 550 2899 causo,
570 2820 675 2905 quello
694 2820 770 2883 ch'el
789 2821 889 2883 duoha
899 2820 981 2899 diro,
995 2823 1040 2881 sio
1060 2820 1140 2881 daile
1152 2830 1242 2902 porte

147 2904 348 2970 confirmato.
390 2906 504 2967 Venuti
536 2906 681 2988 adunque
703 2906 732 2965 in
748 2904 845 2983 Chio,
868 2904 995 2983 Quirico
1016 2902 1053 2964 c'l
1074 2924 1242 2985 compogno

150 2988 273 3048 sororio
297 2987 453 3054 licentiati.
495 2989 538 3049 Et
557 2987 699 3049 havendo
721 2988 743 3049 li
764 2987 900 3071 principi
922 2988 961 3047 de
984 2986 1062 3045 Chio
1083 2996 1240 3067 acceptato
1311 2984 1318 2991 ’

147 3069 178 3132 ei
199 3088 364 3150 convegoo
383 3068 441 3129 che
461 3070 589 3147 Quirico
610 3070 707 3132 hovea
732 3072 811 3132 facto
835 3092 893 3131 con
916 3069 1067 3147 Comnsa,
1085 3072 1242 3130 interven·

150 3174 192 3214 ne
213 3172 329 3213 ancora
358 3172 402 3211 un
434 3150 515 3213 altro
548 3174 620 3213 cosn
641 3154 696 3235 pin
728 3156 852 3217 sinistro
873 3175 891 3214 a
912 3151 1006 3235 quelli
1026 3152 1065 3212 de
1085 3151 1162 3211 Chio
1182 3172 1243 3211 con

150 3238 297 3297 Comnsa.
319 3235 409 3295 usciti
438 3235 459 3294 li
479 3234 597 3295 Turchi
618 3234 698 3297 dello
717 3235 814 3317 golia,
848 3246 880 3297 ct
902 3234 1061 3297 essendoso
1082 3234 1243 3295 inbriocoti

149 3318 372 3380 cominzarono
392 3316 432 3377 ad
453 3338 608 3379 assonnrse
629 3328 661 3379 et
682 3320 831 3381 inzuriarc
844 3318 1020 3383 Christiani.
1043 3318 1118 3379 Uno
1138 3318 1244 3377 Turco

151 3410 295 3463 montato
307 3422 341 3461 so
365 3401 419 3462 ra'i
433 3412 514 3462 tecto
529 3401 620 3461 d'unc
634 3398 747 3461 chicsia
757 3401 923 3463 comiosho
936 3401 1044 3463 buitur
1057 3422 1126 3462 zoso
1138 3398 1160 3459 ii
1172 3420 1247 3481 cop·

152 3486 186 3567 pi
204 3485 295 3545 forne
309 3422 442 3564 poivere.
464 3482 532 3544 Uno
543 3482 550 3505 '
562 3483 678 3545 taliano
694 3484 774 3557 ‚che
793 3485 930 3547 sc=trovh
941 3488 973 3544 in
989 3482 1061 3567 quei
1073 3484 1156 3557 loco,
1179 3502 1245 3542 non

153 3568 342 3628 sostenendo
359 3577 444 3626 tanto
467 3568 623 3649 despregio
640 3577 673 3628 et
693 3567 874 3649 vilipendio‚
895 3566 1034 3629 cominzh
1047 3589 1064 3625 a
1075 3568 1197 3627 battere
1217 3562 1247 3625 el

152 3648 297 3712 Turcho.
319 3648 402 3709 Altri
416 3650 529 3709 Turchi
540 3671 670 3711 corseoo
688 3649 726 3709 od
738 3652 837 3711 aiutnr
848 3650 962 3733 quello.
978 3650 1019 3709 Et
1029 3647 1195 3709 Christiani
1205 3644 1247 3706 do

153 3732 256 3793 i'nhrn
268 3740 364 3812 parte,
375 3734 466 3793 Greci
479 3743 511 3795 et
521 3733 632 3807 Latini,
645 3753 770 3793 corseno
782 3745 890 3795 contra
899 3732 922 3794 li
930 3732 1057 3795 Turchi.
1066 3728 1249 3791 Comenzata
1263 3745 1270 3759 ·“

155 3816 185 3875 la
202 3816 268 3874 rixa
280 3834 335 3873 con
350 3835 434 3875 armo
445 3826 476 3875 et
487 3836 544 3876 con
560 3816 642 3886 fusti,
662 3814 681 3875 ii
696 3816 813 3877 Turchi
830 3836 1032 3898 scamparono
1043 3811 1195 3874 correndo
1207 3810 1248 3871 ad

156 3920 224 3958 uno
255 3897 333 3955 fusto
354 3896 410 3977 piir
441 3908 577 3967 arrente,
600 3897 630 3958 la
658 3899 747 3980 quale
768 3922 820 3959 era
838 3899 1031 3972 docmina,
1050 3918 1111 3956 non
1133 3893 1248 3955 lasson-

155 3980 199 4040 do
223 3980 354 4039 Camuso
375 3982 472 4041 uscire
494 3982 581 4041 alcun
598 3982 725 4041 'surcho
744 3981 821 4043 delio
841 3982 931 4064 golic,
954 3978 1054 4038 annio
1077 3976 1171 4061 quelli
1190 3976 1249 4039 che

154 4062 262 4123 volivo
283 4061 368 4121 meir
382 4064 600 4125 menocciondo
620 4066 649 4125 la
664 4064 781 4130 forcho.
823 4064 925 4141 Quolii
948 4061 1027 4123 delia
1048 4061 1129 4123 iusta
1149 4079 1249 4121 soom.
1270 4120 1276 4133 ‚

156 4146 288 4225 pando,
312 4144 411 4206 alcuni
432 4147 464 4207 in
484 4168 585 4219 marc,
625 4146 726 4207 alcuni
747 4146 914 4207 montondo
934 4146 964 4205 in
984 4146 1087 4221 susta3
1107 4155 1138 4205 et
1158 4144 1251 4205 Chri·

157 4228 251 4291 niani
284 4228 460 4293 currendoli
496 4230 614 4293 derieto
641 4239 672 4292 et
692 4230 865 4292 haitandoli
896 4230 957 4291 fine
979 4226 1036 4291 che
1056 4238 1251 4291 accootorono
