3075 4825
303 346 389 447 τίς
560 368 699 436 nuere
724 351 950 434 usuums'
969 365 1137 435 unrorrs

304 524 401 598 edric
423 523 481 607 sris
506 525 611 608 κοινήν
638 524 809 607 άγγαρειαν
828 524 862 587 ἕν
882 524 927 609 τῷ
945 520 1077 610 κόστρφ.
1118 520 1174 585 καί
1192 516 1231 602 δὴ
1254 520 1389 603 πλησίον

210 626 235 677 Ρ·
250 621 459 703 Ιῧνπεζεόσας
478 627 537 689 τοῦ
553 621 675 706 πόργου
696 624 756 686 τοῦ
783 623 949 704 λεγομένω
970 616 1155 700 Ἐπιβάτας,
1175 611 1391 692 ἀπολύσαντες

302 723 379 799 τοός
398 726 513 798 ἵππους
533 724 588 786 καί
606 721 646 786 τά
665 718 848 805 σκευοφόρα
869 720 934 798 cota
954 720 989 783 όν
1007 726 1071 795 τοῖς
1084 726 1214 801 καρποῖς
1233 720 1295 783 τῶν
1311 713 1390 782 Ῥω·

301 819 405 905 μαίων
430 820 625 904 ἐλυμήναντο
652 818 726 894 τοός
762 818 907 901 στάχυας
935 815 991 882 καί
1021 816 1079 901 τῆν
1109 810 1207 901 ditm
1237 818 1390 879 παντοίαν

300 920 407 1004 χλόην.
446 914 493 993 εἷς
514 921 550 983 δὲ
571 921 636 983 τῶν
652 918 817 999 Ῥωμαίων
845 915 931 999 όροῖν
949 912 1004 1001 τήν
1032 919 1199 999 γενομένην
1220 916 1336 999 ζημίαν
1355 914 1419 979 ried

301 1028 368 1095 τοῖς
390 1014 575 1093 πολυκόποις
593 1010 695 1081 αὐτοῦ
722 1009 939 1100 γεωργήμασιν
962 1012 1092 1099 δραμάν
1112 1014 1221 1093 ἐδίωξε
1240 1011 1316 1089 roric
1336 1015 1391 1078 ἳπ-

301 1140 381 1193 πους
401 1119 437 1181 ἐκ
456 1117 513 1181 τοῦ
537 1116 648 1200 οἷγροῦ.
690 1109 736 1190 εἷς
758 1116 795 1178 δὲ
813 1118 875 1179 τω”ν
896 1112 1079 1198 ἱππηλατεῖν
1102 1114 1238 1195 Τοόρκος
1259 1110 1392 1198 φθάσας

300 1221 390 1281 παίει
411 1212 464 1279 τόν
481 1209 645 1295 Ῥωμαῖον.
668 1206 762 1287 ἄλλος
787 1215 822 1277 δὲ
837 1210 1007 1302 προσγενὴς
1027 1214 1085 1277 τοῦ
1102 1203 1276 1297 τυφθὲντος
1296 1208 1391 1295 ἔδρα-

301 1336 365 1395 με,
387 1316 443 1376 καί
460 1318 528 1392 μετ’
549 1304 649 1376 αότόν
667 1314 791 1394 ἕτερος,
818 1310 933 1392 ὁμοίως
951 1311 1008 1374 καί
1026 1308 1056 1373 oi
1080 1312 1215 1390 Τοῦρκοι
1234 1308 1389 1396 ξιφήρεις.

301 1413 536 1494 συμπλακέντες
556 1401 614 1473 orie
628 1408 774 1494 αλλήλοις
794 1406 977 1495 ἐσφάγησαν
997 1409 1033 1473 ἐκ
1050 1410 1113 1474 τάν
1138 1407 1283 1492 Τοόρκων
1304 1404 1392 1491 όμσί·
1405 1434 1442 1477 ro

306 1536 349 1587 ως
372 1513 426 1574 καί
453 1511 488 1573 ἐκ
518 1511 582 1573 τάν
605 1507 780 1589 Ῥωμαίων.
819 1505 888 1573 τότε
910 1504 927 1571 ό
951 1503 1120 1591 Καγιάπεγ
1144 1502 1247 1593 (οὕτω
1265 1504 1327 1593 γάρ
1351 1500 1392 1591 ἦν

306 1610 392 1698 αὐτῷ
424 1602 538 1694 ὄνομα)
567 1610 620 1672 ε’πί
648 1604 707 1691 τὴν
728 1600 842 1691 αὔριον
865 1605 994 1692 φθάσας
1015 1609 1060 1683 εἰς
1079 1604 1136 1671 τόν
1157 1606 1316 1693 ἡγεμόνα,
1337 1610 1395 1675 καί

277 1706 527 1792 Βπροσκυνήσας
547 1704 643 1770 αι’τόν
680 1704 760 1769 κατά
783 1704 817 1770 τό
850 1702 943 1783 ἔθος,
966 1704 1134 1791 ἀπήγγειλε
1152 1702 1258 1773 πάντα
1276 1706 1316 1771 τά
1339 1729 1393 1790 γτ-

306 1804 421 1890 νόμενα
458 1810 492 1871 ἐν
528 1815 596 1882 ταῐς
622 1804 819 1886 ’ἐπιβάταις
870 1804 926 1868 καί
950 1803 1048 1881 αότός
1070 1804 1115 1889 μή
1137 1804 1262 1891 δεηθείς
1280 1800 1394 1890 ἑτέρας

307 1908 451 1990 α’γγελίας
482 1899 505 1989 ἢ
532 1902 781 1988 παραστάσεως,
817 1898 997 1987 προστάξας
1030 1905 1119 1994 urirq'i
1149 1908 1192 1991 τῷ
1221 1904 1443 1987 Καγιόττιγτ5

305 2007 365 2072 τοῦ
387 2004 536 2068 ἀπελθεῖν
557 2006 592 2068 ἐν
610 2005 735 2089 σπουδῇ
754 2001 814 2068 σόν
833 2010 899 2079 τοῖς
913 2005 1016 2068 adseri
1030 1998 1236 2089 στρατιώταις
1257 2004 1312 2068 καί
1331 2028 1394 2067 πα-

306 2104 399 2183 τάξαι
417 2102 546 2178 τοότους
564 2103 598 2167 ἕν
610 2105 755 2191 μαχαίρρ
777 2100 895 2178 πάντας
913 2105 972 2166 τοῦ
991 2106 1112 2188 χωρίου
1126 2104 1257 2168 ἐκείνου.
1299 2096 1316 2165 ὃ
1339 2104 1395 2168 κατ’

305 2207 448 2289 γέγονεν·
471 2200 575 2268 ε’λθοόν
587 2200 648 2287 γάρ
661 2204 812 2289 ἔξαίφνης
823 2202 924 2286 πρωΐ,
940 2200 995 2267 καιΙ
1014 2200 1045 2267 οἱ
1071 2197 1394 2286 γεωργοίἐξελθόνττς

306 2306 353 2377 εἰς
373 2300 447 2377 τους
467 2299 584 2385 οἷγροός
604 2304 661 2366 cosi
682 2301 833 2384 θερίζειν,
856 2298 1092 2377 ἐπεισπεσόντες
1111 2297 1140 2365 oi
1158 2302 1291 2382 Τοῦρκοι
1311 2296 1394 2363 πάν-

306 2425 364 2476 τας
382 2402 591 2486 κατέσφαξαν,
610 2396 665 2464 τόν
685 2394 827 2482 οἷριθμόν
848 2395 891 2476 ὥς
909 2395 1157 2489 τεσσαράκοντα.
1200 2393 1281 2483 adep
1304 2400 1392 2464 αἰτία
1402 2425 1443 2470 no

306 2502 361 2582 τῆς
379 2495 485 2582 μάχης
512 2501 568 2560 καί
596 2496 778 2582 ἀφανισμός
805 2501 866 2563 τοῖν
889 2498 1066 2581 Ῥωμαίων.
1115 2495 1185 2562 τότε
1206 2491 1224 2560 ό
1242 2497 1396 2580 βασιλεός

308 2597 446 2670 ἄκου’σας
466 2593 503 2661 τό
523 2595 649 2678 γεγονός
667 2593 788 2662 ἔκλεισε
802 2593 860 2672 τός
871 2597 976 2682 θύρας
993 2594 1049 2681 τῆς
1068 2594 1199 2680 πόλεως,
1219 2596 1275 2662 καί
1298 2589 1396 2671 όσαυς

308 2696 418 2776 ἔτυχεν
447 2693 551 2778 scipsis
581 2694 671 2772 ἐντός
705 2694 862 2783 Τοόρκους
885 2697 1004 2772 πάντας
1034 2695 1192 2783 δεσμῆσας
1211 2699 1246 2762 ἐν
1265 2701 1397 2782 φρουρᾷ

166 2814 170 2824 ’
279 2791 407 2862 cetero.
460 2795 514 2858 καί
539 2797 615 2877 μεθ’
642 2793 763 2880 ἡμέρας
782 2803 868 2882 τρεῖς
885 2791 980 2861 πάλιν
998 2789 1151 2862 ἀπέλυσε·
1191 2800 1226 2861 τί
1241 2791 1302 2880 γάρ
1325 2787 1393 2877 εἶχε

308 3053 423 3123 Epibatn
442 3054 543 3108 dicitur
568 3056 742 3120 accessisset,
768 3073 863 3125 agmen
881 3055 955 3126 quod
973 3056 1107 3118 ducebat,
1126 3053 1242 3126 pedibus
1263 3056 1392 3108 incedere

309 3125 416 3193 coepit3
442 3127 580 3196 frenisque
609 3129 712 3180 levatos
736 3144 821 3197 equos
849 3135 993 3196 ceteraque
1022 3129 1143 3180 iumenta
1161 3129 1190 3177 in
1213 3128 1391 3179 Romaeorurn

308 3212 409 3246 messes
428 3206 529 3262 agunt,
547 3213 563 3247 s
581 3198 682 3266 quibus
702 3198 809 3266 spicae,
830 3215 862 3248 oc
881 3206 970 3249 cetero
989 3197 1063 3248 olera
1082 3205 1110 3248 et
1129 3197 1265 3265 legumine
1283 3206 1392 3249 vestan-

310 3273 361 3315 tur.
388 3267 491 3332 egrico
521 3279 550 3318 se
580 3268 660 3319 cultis
681 3267 808 3320 damnum
825 3267 919 3319 inferri
938 3270 1069 3318 Romaene
1091 3267 1203 3335 quidum
1222 3267 1392 3318 animadver-

310 3343 371 3386 tens
389 3337 519 3398 accurrit,
538 3344 567 3389 et
582 3337 648 3389 inde
666 3355 751 3408 equos
772 3337 870 3408 abegit
915 3337 1063 3388 Turcorurn
1084 3355 1229 3404 agasonum
1248 3355 1319 3390 unns
1339 3339 1391 3390 uo-

308 3422 416 3456 maeum
438 3407 563 3473 percutit
588 3410 709 3477 percussi
735 3407 826 3460 affines
856 3425 926 3460 unus
959 3416 987 3459 et
1012 3409 1082 3460 niter
1102 3415 1263 3471 accurrunt,
1292 3425 1326 3460 ex
1343 3407 1391 3460 ed-

310 3493 386 3526 versa
405 3477 486 3526 etiam
503 3485 579 3546 parte
599 3479 689 3530 Turci.
725 3477 851 3530 menibus
866 3478 961 3548 itaque
980 3478 1109 3530 consertis
1128 3496 1162 3530 ex
1179 3479 1303 3530 Romneis
1321 3478 1392 3530 Tur·

310 3547 405 3614 cisque
430 3547 537 3616 aliquot
563 3548 728 3600 ceciderunt.
755 3547 907 3618 postridie,
934 3550 982 3618 qui
1010 3549 1095 3617 Καρία
1119 3549 1204 3618 Bogus
1228 3548 1391 3610 vocabatur,

310 3617 460 3686 principem
479 3616 553 3680 edit,
572 3620 616 3670 cui
633 3619 667 3670 de
685 3634 760 3669 more
780 3619 896 3670 salutato
915 3628 1026 3682 cuncte,
1051 3635 1121 3688 quae
1138 3619 1167 3672 in
1184 3617 1308 3688 Epibntis
1328 3636 1393 3670 corr·

309 3687 443 3754 tigerent,
471 3696 570 3739 nnrrat
591 3705 646 3739 rern
675 3688 709 3738 ab
733 3689 788 3739 nlio
813 3689 963 3740 accuratius
993 3705 1153 3758 cognoscere
1178 3699 1226 3741 eut
1251 3689 1392 3759 inquirere

310 3759 412 3827 sprevit
432 3758 573 3826 princeps3
592 3757 724 3827 iubetque
742 3758 853 3826 Kegiurn
872 3760 971 3828 Begurn
999 3777 1048 3810 sua
1065 3758 1176 3811 cohorte
1203 3760 1335 3828 stipatum
1353 3759 1392 3810 se-

310 3829 444 3879 stinunter
471 3827 563 3888 abire,
593 3843 741 3896 omnesque
768 3829 822 3880 vici
851 3828 926 3880 illius
949 3830 1052 3882 incolas
1084 3829 1181 3898 gladiis
1199 3830 1391 3894 conscinderet

311 3897 385 3965 quod
413 3899 513 3950 factum
542 3897 656 3949 deinde:
685 3898 714 3949 in
742 3915 873 3951 messores
900 3900 991 3964 enim,
1019 3900 1067 3970 qui
1085 3917 1164 3951 ruane
1182 3901 1215 3950 nd
1234 3899 1391 3953 metendum

312 3969 440 4031 exierant,
460 3986 493 4019 ex
511 3969 656 4036 improviso
676 3968 784 4020 irruunt
801 3971 918 4032 milites,
938 3978 966 4021 et
982 3971 1089 4023 circiter
1110 3969 1289 4040 quadraginta
1307 3969 1392 4022 truci-

312 4035 384 4087 dant.
406 4037 473 4089 haec
501 4038 554 4090 suit
570 4037 655 4102 belii,
685 4039 758 4107 quod
782 4049 955 4091 consecutum
974 4051 1033 4104 est,
1051 4041 1192 4109 gentisque
1212 4043 1389 4094 Romseorum

268 4163 273 4169 ,
312 4107 458 4158 eversionis
476 4110 559 4176 origo.
586 4109 628 4160 irie
646 4112 789 4178 compertis
819 4119 911 4178 portes
929 4111 1003 4162 urbis
1021 4110 1112 4162 claudi
1130 4111 1210 4162 iussit
1227 4111 1389 4181 imperatorq

312 4183 340 4225 et
357 4176 473 4239 Tuscos,
492 4187 628 4248 quotquot
644 4180 673 4230 in
691 4180 758 4230 urbe
779 4182 878 4248 reperti
896 4191 968 4244 sunt,
989 4182 1018 4232 in
1039 4197 1172 4234 carcerem
1189 4179 1325 4244 detrusit,
1343 4181 1389 4232 tri-

311 4243 422 4316 duoque
439 4247 532 4316 elapso
548 4249 660 4304 dimisit.
669 4250 737 4318 quid
755 4251 828 4303 enim
842 4251 964 4306 iaceret?
978 4253 1106 4306 intereos
1122 4251 1171 4324 qui
1188 4251 1218 4305 in
1237 4251 1306 4305 urhe
1317 4250 1388 4322 capti
