3075 4825
337 358 493 424 aranea
523 358 772 424 rnnannnsns
807 359 993 423 taenara.
1121 331 1207 442 495

133 525 164 574 et
184 514 270 590 laici,
291 511 424 576 Caloieri
462 524 493 575 ct
514 513 677 596 Calogree,
698 523 869 574 tornarono
890 506 951 573 alle
969 531 1023 574 sne
1043 518 1206 594 provintie.

131 597 197 658 Non
217 597 367 680 preteriri)
389 617 448 658 con
470 597 588 657 silentio
606 608 711 678 questo
730 594 811 657 altro
830 593 1071 677 nephandissimo
1091 613 1208 682 spocta-

131 681 208 744 cnlo.
257 681 347 740 Tutti
382 682 402 740 li
431 681 617 740 tabernaculi
644 677 723 740 dello
746 683 876 740 exercito
904 700 997 740 erano
1022 679 1107 760 pieni
1129 682 1208 745 delle

130 767 231 826 Grcoe
253 764 398 827 richesae.
454 763 610 823 Vedevase
632 763 652 822 li
683 763 824 838 barbari,
871 785 903 822 er
924 765 952 824 la
972 764 1098 824 victoria
1117 787 1208 847 sopra

129 846 293 908 elinando
315 846 479 926 petulanti,
501 858 621 926 portare
644 843 672 904 le
692 855 776 907 cotta
796 858 825 906 et
846 785 869 906 li
889 846 991 907 carnisi
1012 848 1206 927 sacerdotali,

127 930 256 991 succinti
279 949 335 988 oon
358 929 378 988 li
399 929 507 1012 singoli
531 928 685 989 benedecti
715 941 746 988 et
766 951 822 988 con
844 931 872 989 le
894 931 973 991 stole
994 930 1098 1010 d’oro,
1120 933 1152 993 in
1178 932 1207 995 le

128 1013 219 1094 quale
241 1033 295 1073 era
315 1023 451 1072 contcsto
470 1012 584 1093 l’agnar
605 1011 665 1084 dei,
690 1011 814 1092 insegna
832 1023 934 1073 sancta
949 1011 998 1073 ‹iel
1016 1026 1124 1078 nostro
1146 1016 1206 1077 sal·

126 1108 263 1158 vactorc.
306 1095 383 1156 Altri
402 1095 539 1156 haveano
563 1093 673 1155 disteso
695 1115 751 1177 per
771 1106 853 1157 terra
873 1095 902 1156 le
922 1095 1130 1160 adoratissirne
1151 1121 1209 1160 an·

124 1200 204 1240 cone
236 1177 318 1240 della
348 1180 527 1240 intemerata
562 1199 712 1260 vergene,
744 1190 844 1240 matre
864 1179 903 1241 de
934 1178 1007 1256 dio,
1028 1193 1059 1241 et
1078 1181 1127 1244 dcl
1149 1203 1208 1244 sno

124 1261 293 1325 benedeoto
315 1262 426 1342 figliolo
462 1283 515 1342 per
535 1272 638 1322 nostra
658 1261 754 1322 salute
775 1272 874 1323 morto
897 1273 927 1323 et
949 1264 1120 1341 eracliano,
1142 1289 1210 1326 ma·

123 1346 250 1425 gnaado
272 1356 302 1407 et
323 1345 462 1407 &vendo
483 1345 562 1405 colle
584 1345 688 1424 patine
708 1355 739 1405 et
753 1346 838 1406 calici
858 1344 945 1406 d’oro
963 1351 1135 1410 consacrati
1154 1349 1208 1408 alli

123 1428 223 1489 divini
256 1431 364 1505 altari,
392 1429 448 1489 che
482 1427 624 1488 solcvano
645 1449 789 1488 recavere
807 1427 836 1490 el
859 1450 913 1489 cor
973 1441 1004 1491 et
1023 1451 1135 1514 sangae
1156 1431 1207 1494 del

123 1513 264 1574 salvator
296 1524 419 1588 nostro,
450 1513 553 1594 signor
583 1515 647 1572 lesu
670 1511 804 1576 Christo.
832 1511 888 1572 che
909 1449 1026 1575 ‹lilemo
1043 1514 1092 1576 dei
1113 1514 1207 1591 libri,

123 1594 206 1657 delle
224 1607 356 1657 carrette
374 1599 463 1678 piene
484 1595 579 1677 sparti
602 1616 654 1676 per
674 1605 751 1656 tutta
775 1595 802 1655 la
823 1597 968 1656 Romania
991 1608 1020 1657 et
1040 1596 1209 1659 Anatolio?

120 1678 184 1739 Per
214 1700 276 1741 nno
307 1683 455 1739 numisma
484 1678 657 1738 vendivaao
690 1677 765 1738 dece
787 1677 856 1739 libri
878 1679 1037 1754 theoloici‚
1061 1679 1209 1743 Platonici

121 1773 152 1822 et
175 1761 386 1836 Aristotelia,
412 1773 442 1824 et
463 1761 552 1836 altri,
574 1766 672 1842 poeti,
694 1765 804 1844 storyci
825 1773 857 1824 et
879 1767 1007 1829 oratori.
1047 1765 1082 1825 Li
1105 1785 1209 1827 sacra·

118 1845 234 1906 tissimi
269 1845 510 1928 avangelistarii,
547 1844 718 1906 destinando
739 1847 766 1905 le
787 1868 842 1907 sne
862 1844 944 1908 bolle
964 1845 1053 1907 d'oro
1076 1857 1107 1906 ct
1130 1848 1210 1909 d'ar·

117 1937 222 2005 sento,
244 1937 332 2008 parte
354 1927 536 2004 vendicano,
557 1939 642 2008 parte
656 1927 824 1989 battavano
845 1931 906 1987 via.
949 1928 987 1989 El
1009 1931 1116 2011 quinto
1137 1953 1210 1992 zor-

119 2033 164 2072 no
188 2011 280 2088 (nime
300 2022 425 2070 narnate
457 2012 586 2073 obscure
604 2023 634 2071 et
656 2011 815 2073 tenebrose
837 2023 868 2071 ct
890 2011 927 2070 ad
952 2011 1125 2073 recordarle
1144 2024 1209 2075 ter·

117 2094 215 2175 ribile
240 2104 270 2155 et
291 2095 462 2174 spaniosell
487 2093 575 2154 entrli
596 2095 624 2154 el
645 2102 779 2176 tyranno
800 2096 831 2154 in
845 2094 963 2170 Galata,
985 2095 1065 2154 dove
1086 2115 1268 2165 caman-313

117 2179 161 2238 da
182 2176 244 2238 che
263 2177 384 2238 losseno
401 2177 563 2257 conscripti
590 2177 661 2236 tutti
686 2175 778 2259 quelli
797 2177 852 2238 che
868 2177 1051 2237 habitavaao
1074 2181 1105 2236 in
1122 2181 1211 2261 quel·

50 2283 59 2310 s
117 2261 147 2322 la
171 2272 266 2326 terra.
289 2271 320 2320 et
338 2259 496 2322 trovando
518 2260 612 2322 molte
633 2281 700 2320 case
720 2270 836 2321 serrata
850 2259 881 2320 di
901 2261 1014 2338 Latini,
1036 2258 1092 2320 che
1112 2283 1209 2321 erano

117 2345 206 2406 lariti
234 2342 311 2404 colle
331 2364 431 2421 nave,
463 2343 611 2404 comendo
631 2343 688 2404 che
711 2344 832 2404 fosseno
850 2355 954 2425 aperte
972 2343 1001 2404 le
1021 2363 1088 2404 case
1109 2365 1160 2404 soe
1180 2355 1211 2404 et

118 2432 238 2511 scripte
263 2438 341 2488 tutte
370 2428 399 2489 le
421 2448 491 2488 cose
515 2428 571 2487 che
603 2448 634 2488 se
655 2439 824 2488 trovavano
846 2429 877 2487 in
921 2425 1021 2510 aelle3
1046 2436 1129 2488 etse
1151 2428 1212 2490 fian

117 2534 136 2572 a
157 2513 208 2573 tre
244 2512 319 2571 mesi
350 2522 536 2585 tornavano,
561 2511 725 2571 havesseno
754 2511 878 2591 podesta
899 2450 979 2570 lelle
1000 2531 1067 2571 case
1088 2523 1118 2571 ct
1139 2532 1211 2572 cose

115 2618 196 2671 soe,
226 2603 260 2655 et
285 2614 317 2655 se
350 2613 410 2654 non
443 2606 630 2667 tornavano‚
665 2594 786 2654 fosseno
816 2594 865 2655 del
895 2592 1003 2653 ducha.
1055 2595 1211 2674 Appresso

117 2678 278 2740 comancio
298 2676 354 2738 che
375 2688 456 2737 tatto
479 2676 629 2738 l'exercito
652 2688 682 2739 et
703 2674 732 2737 le
754 2676 826 2738 ville
845 2677 1060 2737 circumvicine
1081 2680 1212 2737 venisse·

115 2784 159 2822 no
196 2761 238 2821 ad
268 2762 406 2841 spianare
439 2761 468 2821 le
502 2782 589 2821 mure
619 2759 658 2821 de
684 2759 814 2837 Galata,
835 2760 892 2820 che
921 2771 1048 2819 stavano
1071 2780 1162 2820 verso
1182 2759 1211 2819 la

112 2845 249 2916 seccha,
272 2842 411 2904 lassando
433 2842 527 2925 quelli
549 2844 606 2904 che
627 2864 703 2903 sono
725 2864 813 2905 verso
835 2841 861 2902 el
885 2854 995 2924 portn3
1020 2845 1049 2903 lo
1073 2841 1147 2925 qual
1165 2864 1212 2902 co·

113 2929 340 2989 mandamento
368 2927 491 2987 sabbito
519 2926 551 2987 l'o
583 2926 745 3009 adempito.
801 2928 960 3007 Appresso
982 2924 1135 3006 comendo¹
1154 2926 1212 2987 che

114 3014 200 3073 fosse
225 3011 305 3070 facte
328 3007 445 3069 calciae
467 3030 522 3090 per
543 3009 642 3092 tutto'l
666 3030 744 3070 mese
765 3008 805 3069 dc
827 3011 1210 3090 Augustope1·instaura·

113 3118 150 3157 rc
171 3097 193 3157 li
220 3094 303 3153 muri
331 3095 425 3153 cazuti
454 3092 533 3152 della
564 3094 672 3155 citade.
723 3094 812 3153 Delia
832 3096 944 3153 Grecia
973 3104 1003 3151 et
1025 3092 1103 3153 delle
1123 3102 1211 3174 porte

113 3180 156 3240 de
182 3176 320 3239 Oriente
343 3176 517 3256 conscripse
547 3176 687 3255 sameglie
707 3178 813 3255 zioqae
833 3174 936 3246 milia,
958 3174 1015 3234 alle
1035 3174 1125 3257 quale
1147 3176 1211 3236 fece

112 3264 166 3323 far
195 3259 454 3321 comandamento
484 3266 564 3317 sotto
599 3279 676 3339 pena
700 3257 780 3319 della
803 3268 880 3317 testa
903 3258 959 3317 che
981 3280 1035 3340 per
1057 3268 1137 3319 tutto
1156 3258 1210 3319 Se-

112 3343 273 3429 ptembrio
295 3342 420 3406 doresse
441 3342 527 3402 venir
544 3340 581 3401 ad
605 3341 725 3400 habitar
751 3344 781 3400 in
804 3341 1064 3424 Constantinopoli
1086 3352 1165 3402 sotto
1180 3341 1209 3402 el

111 3448 259 3515 governo
277 3426 315 3485 de
334 3418 489 3487 Soleinan
511 3444 568 3485 suo
592 3424 727 3487 scliiavo.
748 3424 787 3484 El
809 3426 921 3504 templo
943 3426 1057 3506 grande
1078 3425 1116 3485 de
1131 3426 1209 3485 San·

113 3525 168 3573 cta
193 3509 309 3589 Sophia
332 3506 548 3579 leoeMoschea
569 3507 597 3567 al
620 3528 673 3568 sno
696 3506 998 3589 pseudo-propheta
1020 3506 1208 3571 Malaometls.

111 3598 151 3657 Li
175 3594 251 3655 altri
277 3595 371 3671 tempi
388 3594 551 3670 ·'rimaseno
582 3593 701 3673 expilati
723 3602 753 3649 et
774 3590 892 3650 deserti.
934 3592 1084 3671 Expedite
1106 3600 1210 3673 queste

111 3689 189 3741 cose'
201 3720 211 3749 ‚
240 3676 266 3733 el
288 3686 420 3755 tyranno
444 3674 605 3734 victorioso
629 3674 706 3734 asscl
732 3673 810 3733 della
831 3676 890 3733 cita
909 3676 948 3733 ali
969 3676 1073 3734 XVlll
1097 3673 1134 3733 de
1146 3674 1209 3732 Za·

112 3784 181 3843 gno
202 3804 212 3830 ,
237 3756 387 3817 menantln
412 3780 467 3818 con
490 3778 559 3817 seco
581 3766 658 3817 tutte
681 3756 707 3817 le
729 3778 871 3837 generose
902 3768 1041 3817 matrone
1057 3767 1087 3816 et
1110 3756 1138 3813 lc
1155 3774 1210 3815 sae

112 3841 240 3927 figliolc
263 3862 280 3901 a
302 3839 417 3901 cavallo
437 3853 468 3903 et
488 3844 518 3899 in
541 3850 682 3901 carrette.
723 3842 765 3899 La
793 3838 939 3921 mogliera
959 3840 998 3900 de
1022 3837 1209 3918 Maghatlaca

111 3927 206 3989 morl
231 3927 262 3983 in
289 3924 314 3983 la
335 3924 457 4001 strada,
478 3943 621 4004 appresso
644 3945 704 3983 una
726 3924 798 3992 villa
817 3922 969 3983 chiamata
991 3920 1123 3991 Messini,
1148 3919 1209 3980 do·

110 4034 153 4072 ve
203 4007 233 4067 la
268 4006 369 4067 hanno
402 4005 554 4088 sepellita,
587 4006 697 4066 femina
730 4007 972 4067 misericordiosa
992 4016 1021 4064 et
1046 4004 1076 4065 di
1101 4002 1268 4088 poveri'314

111 4093 223 4153 molto
243 4089 539 4171 compassionevolc‚
564 4098 668 4167 casta,
691 4090 836 4151 astinente
865 4101 895 4149 et
914 4088 1046 4167 patiente
1068 4090 1107 4148 sle
1127 4097 1208 4148 tutte

111 4176 143 4237 le
167 4174 403 4255 perturbatione
424 4175 461 4234 de
483 4170 603 4233 l’anima
624 4184 653 4234 et
683 4170 731 4233 del
755 4194 859 4253 corpo.
903 4173 1018 4230 lotrato
1041 4176 1072 4233 in
1094 4171 1207 4232 Andri-

110 4255 229 4340 nopoli
250 4280 310 4319 con
340 4257 452 4339 grande
473 4256 647 4341 triumpho,
674 4254 696 4317 li
719 4256 851 4337 principi
880 4252 1044 4317 Christiani
1067 4257 1107 4319 da
1127 4255 1205 4317 lonsi
