3075 4825
434 374 491 449 Au
520 371 611 442 cnr.
639 375 749 438 xvir.
779 371 927 440 nurse.
1125 342 1213 457 569

152 508 270 574 udends
303 529 398 596 nsque
426 511 555 574 rescindi
586 511 687 590 iussit,
710 523 744 576 et
764 533 801 575 eo
820 510 928 574 hnhitn
946 527 1068 576 meusne
1090 529 1214 574 socom·

130 535 271 658 hentibus
291 597 462 657 ministrare
482 598 590 678 coegit.
1133 629 1141 644 ·

213 677 253 740 P.
272 677 324 763 78,
346 699 375 761 7.
416 673 485 739 ἀλλ’
505 675 690 761 horeum]
732 677 809 742 Post
820 688 952 738 mortem
964 676 1102 739 Bninritis
1113 676 1213 739 inter·
1300 732 1304 738 .

129 781 257 843 regnum
293 760 482 824 constituunt
511 761 637 824 Turcici
661 761 792 824 Annales
823 781 977 821 annornm
1012 780 1072 832 rs,
1115 759 1213 824 donec

128 845 277 906 Sultnnus
298 842 482 906 Mehsmetes
504 864 604 906 rerum
625 865 742 906 summa
764 858 795 907 et
814 845 942 924 imperio
960 844 1123 925 potiretur.

211 925 251 992 P.
273 925 330 1010 78,
357 946 406 988 ιι.
437 929 512 1011 Cap.
538 927 584 989 ι8.
612 927 667 989 καὶ
684 922 742 1008 τὴν
761 923 817 988 τοῦ
836 921 1019 1008 sternacis]
1060 925 1309 994 nantonense

125 1007 302 1072 addidimus
321 1009 378 1070 sos*
398 1007 510 1089 αὐτόν,
539 1009 653 1094 nhsque
677 1010 791 1092 quibus
809 1009 910 1072 verbis
937 1011 1122 1071 constructio
1143 1031 1213 1071 ors·

124 1091 218 1156 tionis
233 1090 391 1154 ohaudicst.
1137 1105 1146 1120 ‘

208 1175 248 1236 P.
269 1173 320 1257 78,
343 1195 396 1238 ns.
428 1170 483 1235 ἕνα
512 1173 574 1242 τῶν
605 1172 752 1258 ἀδελφῶν
780 1170 892 1259 noceri]
942 1176 1043 1238 Duces
1071 1174 1213 1238 hocloco

130 1257 211 1320 duos
234 1258 373 1318 Boiazitis
400 1256 514 1320 liberos
543 1257 662 1318 obsides
684 1258 770 1320 datos
789 1257 848 1336 ait,
875 1279 993 1322 marem
1020 1279 1134 1336 nnnm,
1167 1258 1213 1320 fe·

125 1344 245 1402 minam
260 1339 388 1402 niteram
409 1342 532 1403 nomine
545 1341 818 1407 Phutma-Cntnn.
839 1348 872 1402 nt
889 1341 968 1406 infru
987 1363 1054 1424 cop.
1076 1362 1117 1402 so
1141 1361 1213 1401 nor·

126 1434 180 1485 rut
200 1433 262 1486 tres
281 1420 402 1486 obsides
424 1423 515 1485 fuisse
534 1423 644 1502 datos,
669 1423 746 1486 duos
768 1444 866 1486 mares
886 1423 925 1485 im
949 1426 1057 1487 uberes
1079 1436 1110 1494 et
1128 1423 1212 1486 illum

124 1507 313 1586 Phntmnm3
346 1526 477 1589 quorum
509 1503 609 1585 alter,
631 1509 716 1589 isque
745 1519 819 1569 nstu
839 1447 1009 1590 grnmiior,
1028 1519 1060 1570 et
1080 1507 1212 1568 Phntrnn

126 1589 244 1651 redditi
264 1598 357 1670 sunt,
381 1589 484 1652 minor
505 1588 594 1672 Cpnli
615 1593 759 1654 remansit
779 1591 1019 1674 Christianisque
1039 1591 1131 1653 sacris
1150 1590 1213 1650 ini·
1270 1593 1280 1614 ¹

124 1673 222 1735 tintus
251 1673 339 1735 obiit.
392 1671 596 1736 Leunclsvins
625 1674 676 1735 lib.
710 1695 761 1752 ιο,
780 1675 829 1736 cui
857 1672 1076 1736 Suieimnnions
1102 1670 1212 1735 titulus

123 1767 190 1834 est,
216 1755 420 1818 Suleimnnem
449 1757 636 1818 Graecorum
663 1757 775 1820 auxilia
795 1759 853 1819 sihi
873 1778 982 1840 perure
1003 1758 1211 1842 cogitantem,

122 1839 256 1900 fratrum
277 1850 352 1901 netu
372 1840 534 1902 minimum
552 1840 714 1902 Cussimcm
735 1853 766 1902 et
786 1861 923 1902 sororem
944 1861 1030 1902 sunm
1053 1838 1211 1903 Suitsunm

123 1921 282 1984 Fatimam
303 1921 425 1984 obsides
439 1921 558 1986 dedisse
575 1923 680 1986 ondit.
720 1924 877 1986 Phrnnzes
897 1945 962 2003 esp.
976 1925 1015 1983 30
1035 1922 1115 1986 hb.r
1139 1943 1213 1984 enm

121 2005 181 2087 qui
204 2005 395 2068 Christianus
414 2005 510 2082 obiit,
533 2007 714 2150 Insuphum‚
739 2008 770 2070 id
791 2017 837 2068 est
858 2005 1041 2087 losephnrn‚
1066 2003 1210 2088 appellnt.

167 2109 221 2150 rso
241 2087 372 2150 Phntmu
394 2107 448 2150 seu
461 2089 582 2150 Futime
624 2099 699 2151 ntnn
721 2089 802 2152 idem
825 2101 870 2150 est
893 2110 928 2149 sc
948 2087 1211 2166 dominaFntimn,

138 2171 211 2232 telis
230 2170 364 2253 Signoro
385 2171 531 2236 Furrina:
556 2173 612 2236 ists
633 2173 714 2235 enim
737 2193 797 2234 vos
818 2171 921 2234 eaden
934 2171 1044 2233 Turcis
1062 2179 1109 2232 est
1128 2169 1212 2251 quod

123 2251 213 2316 iuriis
231 2253 404 2336 Signum&
426 2273 497 2316 uero
524 2255 754 2338 Madamigella.
805 2255 931 2317 Armeni
953 2253 1060 2316 Cndnn
1078 2249 1129 2313 vel
1150 2251 1212 2312 Cs-

120 2348 185 2398 tun
206 2357 262 2419 per
288 2358 310 2398 u
333 2335 474 2400 Italicum
493 2339 708 2423 pronunciant.
730 2359 842 2400 nomen
862 2336 940 2400 iilud
962 2337 1082 2397 Fstimn
1100 2335 1212 2396 Turcis

118 2420 275 2483 familiare
286 2429 378 2501 estne
392 2422 620 2486 venerandum:
643 2424 687 2485 sic
707 2424 789 2485 enim
801 2420 1013 2507 nppelisbntur
1028 2422 1118 2481 unico
1139 2420 1211 2480 Mu-

116 2504 263 2567 hnmedis
293 2504 376 2584 filia,
405 2526 497 2589 quum
529 2528 564 2568 cx
584 2504 695 2568 Aisehe
721 2504 906 2570 Ehnbokiris
938 2505 1001 2566 filio
1027 2504 1160 2586 suscepit
1180 2512 1212 2565 et
1237 2546 1244 2553 -

115 2588 196 2651 Hali
217 2588 351 2669 patrueli
370 2609 429 2651 suo
450 2600 577 2673 nuptam
597 2590 693 2657 dedit.

47 2744 52 2754 Ι
208 2670 247 2740 Ρ.
269 2692 321 2755 79,
352 2670 380 2731 3.
434 2668 475 2733 roi
507 2670 568 2734 τοῦ
593 2668 792 2757 Στρυμόνος]
841 2672 984 2754 Strymon
1014 2666 1211 2731 Macedoniae

118 2752 239 2817 fluvius
259 2766 320 2832 est,
341 2754 506 2817 Zetunium
528 2756 673 2839 oppidum
695 2767 739 2817 est
757 2755 845 2817 cuins
866 2755 1034 2836 Episcopus
1054 2754 1211 2814 Larissaco

113 2837 274 2900 secundae
289 2839 434 2900 Graeciae
452 2837 664 2923 metropolitae
688 2837 763 2901 oiim
783 2839 929 2916 ruberet,
951 2848 982 2899 et
1001 2836 1041 2897 nd
1059 2835 1211 2897 Thermo-

113 2920 212 3005 pylas
228 2922 319 2982 situm
340 2920 478 3003 Sperchii
498 2920 632 2985 fluminis
661 2922 736 3003 ripis
756 2922 882 2989 ediscet.
926 2920 1077 2980 hunricus
1093 2917 1147 2983 lib.
1168 2938 1208 2980 ιιι

112 3002 156 3069 τό
180 3022 219 3065 re
239 3000 396 3083 Ζητοῦνιν
414 3000 448 3065 τὸ
471 3002 507 3065 ἐν
529 3001 760 3087 Θερμοπύλαις.
807 3004 972 3087 sperchius
992 3001 1083 3076 olim,
1105 3013 1210 3083 postes

106 3078 329 3169 ’,Αγριομὲλας
349 3085 516 3167 appellatus
537 3100 604 3164 est,
631 3088 685 3171 qui
708 3087 739 3149 in
759 3089 861 3149 sinum
879 3084 1089 3167 Pelasgicon,
1116 3082 1210 3145 hodio

112 3172 170 3232 del
196 3168 277 3231 Volo
304 3168 488 3250 appeliatum
518 3168 629 3233 influit.
671 3171 793 3232 Zetunii
812 3172 998 3232 mentionem
1018 3168 1137 3228 faciunt
1157 3171 1209 3230 io-

111 3254 238 3315 hannes
269 3250 453 3333 Curopnlatn
479 3252 669 3336 Scylitrnhin
689 3253 801 3316 Basilio
830 3265 863 3317 et
882 3252 1103 3329 Constantino,
1124 3260 1155 3313 et
1175 3252 1209 3312 in

110 3338 227 3400 iisdem
250 3338 399 3417 Georgius
420 3336 584 3398 Cedrenus.

204 3416 245 3481 P.
267 3438 329 3501 79,
350 3420 381 3483 8.
421 3413 615 3501 Λεοντάριν]
657 3416 720 3480 Pro
749 3414 946 3500 Λεοντάριον
966 3437 1053 3480 more
1074 3415 1209 3498 vulgaris

110 3500 285 3567 idiomatis.
306 3501 396 3565 huius
416 3503 567 3564 Demetrii
593 3504 735 3565 meminit
755 3500 911 3563 Phrnnres
932 3499 987 3563 lib.
1014 3522 1025 3563 ι
1053 3500 1151 3582 onp.3

203 3583 242 3649 P.
263 3606 303 3668 79
309 3628 319 3661 ,
342 3604 372 3663 7.
417 3583 579 3667 ιίρηναίαν
612 3580 805 3647 κατάστασιν
835 3578 990 3666 ποιήσας]
1037 3604 1121 3643 suno
1141 3520 1207 3644 lih-

107 3672 208 3757 girae
225 3666 304 3745 805,
327 3666 401 3733 Chr.
424 3668 513 3745 1402.
539 3670 641 3751 coepit
663 3668 794 3751 Hegirne
812 3688 910 3728 annun
931 3668 1061 3749 Augusti
1080 3666 1131 3725 die
1159 3685 1187 3726 ι.

206 3748 243 3815 P.
265 3770 324 3833 79,
344 3771 395 3813 us.
444 3745 583 3827 καταβᾶς
607 3746 712 3813 τοίνυν
734 3744 1086 3833 o‘Kuppsts's1Leuncl.
1107 3746 1161 3814 lib.
1185 3768 1203 3831 7

107 3836 192 3899 hist.
216 3832 361 3899 Musulm.
380 3843 489 3895 narrat
510 3834 670 3918 Temyrem
693 3834 884 3916 principibus
904 3854 922 3893 s
943 3832 1073 3892 Boinzite
1092 3829 1205 3912 spolio-

104 3920 149 3982 tis
175 3913 310 3978 ditiones
329 3919 504 3979 restituisse.
524 3919 577 3999 qni
598 3916 650 3977 hic
670 3928 797 3979 vocetur
817 3917 959 3978 Curminn
975 3913 1100 3997 Alyrnr,
1123 3915 1206 3975 hun·

104 4004 189 4064 nico
211 4001 396 4061 Csrsmnnns
415 3999 573 4063 Aiosurius
594 4002 707 4062 dicitur
726 4000 777 4065 lib.
799 4021 831 4062 ι.
855 3994 1003 4059 videndus
1022 3998 1204 4063 bronchia

103 4081 281 4150 Pandectis
302 4081 375 4145 hist.
400 4084 548 4145 Turricue
575 4106 605 4149 n.
628 4082 686 4152 56..

203 4164 244 4227 P.
266 4165 316 4243 80,
342 4164 392 4247 4.·
413 4158 586 4246 Παγιαζῆτ
602 4160 682 4249 vioe]
738 4162 939 4228 Lennciavins
962 4162 1036 4225 libb.
1050 4185 1094 4246 9,
1114 4184 1151 4225 ιο
1170 4172 1205 4225 et

108 4269 147 4316 rr
175 4250 259 4319 hanc
278 4250 407 4315 hotrum
421 4249 574 4322 lanienam
587 4260 762 4334 stragesque
779 4258 896 4314 norrst.
916 4246 972 4311 lib.
995 4268 1030 4331 9,
1049 4268 1128 4329 quus
1147 4245 1204 4308 sd-
