3075 4825
405 385 461 448 ιι)
497 379 585 450 atr.
615 383 695 446 ιιι.
725 381 875 446 noris.
1076 325 1181 469 '577

150 541 154 550 '
184 537 220 600 P.
247 555 324 620 top,
351 535 398 598 18.
455 535 625 616 Ἀδριανοῦ
645 533 788 620 attane]
844 525 1017 632 improprie
1052 537 1224 618 appellatv.
1241 557 1286 612 183

106 621 228 682 Adriani
251 625 362 687 sinum.
381 641 464 681 mare
481 621 693 682 Hadriaticum
713 619 753 680 ab
773 617 850 680 urbe
861 617 976 679 Hadria
995 638 1106 679 nornen
1129 621 1186 682 ba·

106 705 167 784 bet,
187 724 248 764 non
271 705 311 764 ab
331 702 483 765 Adriano.
504 704 673 765 notandum
691 723 786 784 porro
805 713 862 784 pet·
881 704 982 762 sinum
993 701 1187 767 Adriaticum

105 786 154 846 hic
184 785 312 878 intelligi
347 807 432 846 mare
459 787 602 866 lonium,
625 785 711 868 quod
732 783 869 846 Siciliam
888 795 919 845 at
939 781 1187 865 Peloponnesum

104 868 268 947 interlluit,
290 881 321 930 et
341 869 434 930 hodie
456 891 473 930 a
494 872 594 930 nautis
615 873 641 930 il
666 866 757 947 Golso
781 867 882 928 adhuc
902 889 941 948 ap
964 866 1089 928 ellatur.

184 951 223 1014 P.
254 970 321 1028 ιιι,
344 973 397 1012 ec.
439 950 474 1013 ir
495 951 530 1013 di
551 958 620 1025 ταῖς
640 947 778 1032 ἡμέραις
797 889 1053 1034 ireebctrsllanc
1074 951 1112 1012 de
1132 973 1188 1014 no·

104 1053 142 1094 va
161 1045 242 1095 secta
261 1032 423 1096 historiam
444 1039 637 1118 persequitur
655 1033 856 1096 Leunclavius
877 1031 929 1094 lib.
955 1052 991 1094 ra
1011 1044 1042 1094 et
1063 1037 1094 1095 in
1120 1035 1188 1096 An.

103 1112 163 1176 nal.
185 1117 280 1177 Ture.
316 1117 492 1180 lledredinis
520 1118 700 1180 Semavinae
728 1117 766 1176 F.
790 1136 902 1178 nomen
922 1126 1029 1178 nostro
1050 1116 1190 1198 ignotum

102 1209 165 1271 est,
187 1201 264 1260 sieut
284 1201 376 1261 etiam
396 1201 563 1263 monachus
584 1201 736 1262 Cretensis
765 1197 949 1260 Lcnnclavio
970 1200 1101 1282 ignotus.
1123 1221 1191 1263 ma·

106 1304 166 1364 gna
196 1283 343 1364 singulari
367 1305 405 1344 ue
435 1285 594 1366 prudentia
622 1282 742 1344 Sultani
762 1281 941 1344 lllchemctia
962 1282 1035 1344 huic
1058 1291 1190 1347 nascenti

103 1376 204 1425 sectae
229 1368 307 1426 itum
338 1306 479 1441 dl›viam,
497 1388 590 1450 ,quae
609 1365 769 1428 seditiones
791 1375 823 1426 et
842 1364 989 1426 tumultus
1016 1369 1229 1448 excitasset3p,
1244 1390 1294 1454 ψ

103 1446 211 1530 quales
233 1460 337 1530 postca
368 1451 564 1533 configerunt
590 1449 647 1512 sub
673 1449 845 1510 Solcimene
866 1469 949 1512 anno
973 1449 1052 1513 1526
1071 1453 1103 1511 in
1119 1453 1194 1514 Asia

102 1532 223 1592 minore
249 1531 391 1611 excitati,
417 1543 452 1594 ut
474 1533 525 1596 lib.
553 1531 589 1594 18
612 1531 815 1594 Leunclavins
838 1541 936 1594 notat.

185 1613 221 1674 P.
251 1636 318 1687 ιιι,
346 1637 371 1676 ι.
425 1611 572 1688 decernis
592 1613 719 1676 καλοῦσι
740 1608 934 1696 evellere]
991 1615 1106 1678 Nautae
1126 1616 1195 1679 ltali

103 1697 135 1757 in
162 1695 275 1759 tabulis
295 1701 359 1760 suis
378 1702 506 1760 nauticis
528 1699 590 1760 loci
611 1698 692 1760 illius
713 1717 828 1760 nomeu
841 1699 927 1780 Cape
940 1697 1048 1759 Stilari
1069 1700 1196 1782 habent;

103 1801 241 1863 eumque
265 1803 283 1841 a
303 1784 434 1864 Smyrna
454 1781 634 1844 milliaribus
648 1781 698 1858 do,
725 1782 864 1843 Phocaea
888 1783 983 1841 veteri
1004 1784 1093 1856 (Foie
1116 1785 1197 1845 Vec-

100 1866 181 1940 coia)
209 1863 387 1926 milliaribus
410 1885 462 1944 ao,
482 1864 583 1927 aChii
606 1877 707 1926 sancta
731 1865 866 1946 Panagia
886 1862 1068 1926 milliaribus
1093 1889 1128 1928 ιο
1148 1868 1197 1928 di·

101 1958 186 2008 stare
221 1957 370 2008 arserunt.
401 1948 579 2010 Dominicus
603 1947 718 2008 Marius
741 1947 834 2028 Niger
854 1947 885 2006 in
909 1947 1083 2012 Commeat.
1106 1951 1197 2012 Asiae

99 2031 227 2110 primo,
256 2029 404 2091 disserens
431 2033 470 2092 de
500 2031 688 2092 Chersoneso
721 2028 906 2103 chalcitide,
936 2027 1009 2088 talia
1031 2031 1144 2092 scribit.
1165 2034 1199 2095 in

97 2115 183 2172 οιιίιιι
205 2113 298 2172 altero
331 2133 421 2174 eorrtu
450 2116 690 2199 promontorium
719 2127 763 2172 est
785 2112 942 2172 Nrcmantt's
963 2112 1128 2188 (Mimantis
1150 2115 1199 2175 di·

98 2193 238 2257 cendurn
267 2203 366 2272 erat),
397 2197 479 2279 qaod
497 2197 672 2257 recentiores
693 2209 782 2278 caput
801 2195 910 2254 Srilari
931 2195 1098 2278 appellant.
1120 2201 1199 2258 anti·

101 2278 175 2359 quis
190 2277 380 2359 temporibus
392 2279 538 2357 μέλαινα,
562 2291 598 2340 ut
608 2277 720 2340 Strabo
736 2278 792 2339 lib.
805 2277 840 2357 nl
855 2277 959 2353 relert,
975 2277 1198 2358 appellabatur,

99 2363 204 2443 inque
221 2381 258 2423 eo
273 2364 486 2444 promontorio
505 2363 646 2425 latomiae
665 2361 828 2423 molarium
844 2360 981 2442 lapidum
1002 2371 1101 2423 cram.
1122 2385 1201 2447 quae

97 2440 276 2527 appellatio
304 2446 429 2527 antiqua
455 2444 623 2509 hodiernae
645 2446 796 2506 'furcicae
831 2444 1004 2525 respondet:
1028 2446 1200 2525 appellatur

98 2530 189 2591 enim
204 2526 301 2589 hodie
316 2529 542 2605 Rara-berra,
561 2530 779 2591 Kana-boran
801 2528 893 2608 vulgo
916 2531 1152 2608 pronunciatur,
1166 2532 1199 2592 id

102 2622 151 2673 est
166 2612 257 2693 niger
271 2632 361 2674 naeus
375 2632 428 2673 seu
440 2612 565 2696 nigrum
579 2615 841 2696 promontorium.
858 2610 974 2671 fallitur
993 2610 1198 2675 Leuodarius

98 2694 156 2756 lib.
187 2714 225 2755 re
254 2696 327 2774 cib,
355 2697 408 2776 qui
428 2696 587 2759 Caraboru
618 2696 668 2757 rel
690 2696 882 2756 Ceraburum
905 2694 1017 2775 Lyciae
1036 2696 1196 2775 oppidum,

96 2778 330 2861 Tureicamque
350 2777 584 2861 appellationem
604 2779 678 2841 inde
697 2778 869 2841 derivatam
885 2776 1198 2859 putat-Garabdrum,

99 2861 158 2921 ubi
181 2872 265 2921 eccm
287 2860 339 2922 illa
357 2864 548 2943 increverat,
575 2865 606 2923 in
628 2862 787 2923 Aldinensi
810 2862 924 2922 ditione
947 2860 1038 2919 situm
1060 2873 1126 2940 est,
1148 2864 1198 2925 cul

96 2942 192 3005 Adia
216 2964 272 3006 sen
293 2946 364 3005 ltin
384 2946 603 3043 imperaverat,
623 2948 710 3007 cuius
729 2965 801 3029 pars
817 2944 903 3005 lonia
925 2942 993 3003 tuin
1034 2944 1198 3007 Cara-bo-

100 3048 179 3089 rum
206 3024 284 3089 illud
304 3048 358 3087 eeu
379 3028 536 3090 Caraboru
557 3030 804 3109 promontorium
825 3026 1085 3099 astutissimam,
1111 3029 1198 3110 quod

96 3110 228 3185 sinum,
250 3109 301 3171 cui
323 3111 454 3192 Smyrna
476 3112 616 3183 adiacet,
640 3110 826 3173 intrantibus
845 3109 885 3171 ad
907 3108 1045 3168 dextram
1065 3105 1196 3173 obiacet.

193 3192 236 3255 Ρ.
263 3192 332 3271 113,
355 3192 384 3255 8.
426 3188 443 3251 t
466 3192 524 3253 rori
537 3192 725 3271 Σουσμανοῦ
739 3188 821 3274 υἱός]
866 3192 1017 3252 ilistoriae
1034 3192 1195 3271 Turcicae,

91 3298 183 3360 ques
207 3274 302 3337 edidit
326 3274 549 3349 Lcaaclarius,
570 3274 799 3358 expeditionum
817 3274 857 3337 ab
877 3274 1052 3336 Alexandro
1073 3276 1199 3338 Susura-

95 3381 143 3421 no
167 3370 203 3421 et
226 3358 407 3443 Hali-bego
441 3357 472 3418 in
494 3366 594 3420 sectae
616 3378 715 3420 novae
738 3370 893 3419 auctorem
907 3356 1030 3439 eiusque
1051 3380 1198 3441 sequaces

95 3452 319 3524 susceptarum
337 3462 402 3504 nou
422 3442 647 3504 meminerunt:
672 3439 809 3517 ultimae,
832 3444 919 3502 cuius
941 3442 1072 3502 blorates
1093 3443 1198 3503 Mehe·
1259 3474 1264 3483 ·

95 3528 199 3587 metis
227 3524 306 3587 lilius
336 3536 367 3587 et
386 3526 533 3588 Baiaeites
556 3526 695 3585 lllesaeon
717 3522 810 3585 duces
828 3522 970 3599 luerunt,
1006 3521 1197 3585 solummodo

94 3609 292 3671 meminere.
315 3606 478 3671 illabenter
499 3609 581 3671 enim
593 3608 687 3669 Turni
707 3626 740 3669 se
758 3607 853 3668 victos
872 3607 1020 3685 fatentur,
1043 3628 1100 3668 nec
1120 3607 1198 3668 hac.

92 3704 202 3755 tenus
231 3691 288 3751 nisi
320 3691 413 3753 semel
433 3702 526 3776 atque
549 3692 660 3754 iterum
673 3688 791 3774 praelio
806 3692 914 3752 haetoe
935 3690 1029 3751 fnisec
1050 3710 1082 3751 se
1102 3710 1198 3773 agno-

93 3784 219 3847 scunt,
249 3770 331 3835 bello
361 3795 471 3858 nempe
489 3774 677 3859 Temyriano
708 3784 741 3835 et
759 3774 861 3835 navali
888 3774 928 3835 ad
949 3772 1112 3854 Naupacti,
1135 3774 1197 3834 Le.

86 3870 200 3945 panto
223 3856 325 4000 vulpp,
346 3860 456 3937 sinum,
481 3880 498 3919 a
519 3858 683 3921 foederatis
704 3878 776 3919 cum
796 3858 913 3919 Veneta
932 3854 1089 3937 republica
1111 3860 1198 3937 prin·

92 3941 229 4023 cipibus
258 3941 283 4001 C
307 3941 440 4003 ristiaais
469 3941 612 4023 superati.
641 3962 732 4024 quem
761 3962 855 4022 porro
883 3938 988 4000 Ducns
1015 3938 1198 4022 Bercligiam

91 4028 211 4087 Musta
235 4024 326 4099 ham,
349 4023 553 4087 Leuuelavlus
572 4020 774 4107 Buruglusem
795 4024 991 4103 Mustaplram
1012 4022 1154 4104 appellat.

226 4150 232 4165 .
260 4106 329 4185 114,
356 4128 403 4191 ¹9·
446 4107 526 4191 erte]
568 4108 799 4170 Pronunciatur
819 4106 907 4182 dede,
931 4126 990 4187 qua
1012 4106 1197 4187 appellatio.

93 4214 140 4253 ne
175 4190 253 4251 viris
280 4194 437 4252 sanctitate
464 4212 500 4251 ac
532 4195 683 4273 gravitate
713 4188 935 4271 praestantibus
967 4193 1198 4251 venerationem

90 4272 262 4337 exhibeat
283 4272 363 4337 dede
382 4274 513 4337 Turcice
534 4296 627 4339 avum
648 4272 806 4360 signifieat.
848 4273 1022 4335 Derrisium
1041 4273 1199 4356 quendam

221 4392 313 4445 Duces
974 4388 1005 4457 37
