3075 4825
365 306 452 393 628
548 324 762 397 summm
791 332 847 395 sn
877 328 968 395 cur.
996 333 1088 395 xuv.
1118 328 1267 393 uorsa.

363 490 469 571 pidum
492 486 533 549 ibi
549 489 638 549 situm
658 497 713 550 esu
735 488 766 548 in
792 488 958 547 Ptolomaei
980 485 1111 548 Tabulis
1133 485 1226 567 llxpis
1246 484 1289 544 ad
1312 484 1448 545 Pontum

363 573 516 633 Euxinum
539 569 630 653 paulo
648 571 801 633 boreulior
824 582 870 631 est
885 574 964 631 ostio
988 572 1054 629 lstri
1077 566 1326 650 septentrionali.

446 656 484 719 P.
507 654 580 732 542,
605 677 629 715 ι.
670 650 726 732 τὴν
749 650 892 733 Σινώπην
911 647 1082 736 βούλομαι]
1103 654 1253 713 Leonicus
1275 650 1328 711 lib.
1350 672 1381 734 o
1394 655 1450 713 Le·

362 738 521 799 nuclerius
543 738 596 797 tib.
625 738 677 811 15,
701 736 853 797 Phranzes
874 736 926 795 lib.
948 738 966 796 3
988 756 1054 818 cap.
1076 756 1124 818 η.
1166 734 1284 816 Sinope
1303 736 1378 794 urbs
1388 737 1450 795 He·

363 822 520 903 lenopouti
550 820 588 880 sd
616 820 749 881 Pontum
776 820 928 881 Euxinum
949 818 1024 893 sits,
1063 818 1204 880 Ammine
1236 820 1450 899 metropolitae

361 906 436 966 olim
457 904 590 970 subdita,

446 986 486 1049 Ρ.
506 985 582 1067 342,
602 1006 652 1048 ao.
694 980 839 1067 odorra]
882 982 986 1045 Phasis
1006 984 1119 1046 fluvius
1137 983 1310 1046 Colchidis·

445 1070 482 1129 P.
505 1068 576 1149 542,
604 1070 654 1128 23.
708 1067 753 1138 εἰς
791 1065 1036 1150 Τραπεζοῦντα]
1077 1069 1313 1129 Comnenorum
1332 1068 1449 1149 Trape-

363 1154 499 1214 tnntium
518 1155 681 1235 imperium
703 1172 802 1211 annos
823 1152 882 1231 257
906 1149 1046 1227 duravit,
1072 1150 1112 1211 ab
1134 1152 1267 1228 Alexio,
1291 1154 1448 1235 quianon

367 1238 445 1315 1204
464 1236 543 1297 urbe
563 1257 581 1296 n
602 1235 718 1294 Latinis
738 1242 828 1314 napta
838 1234 1023 1314 Trapezunti
1039 1234 1163 1315 Regiam
1186 1233 1298 1299 sedens
1321 1234 1448 1295 oolloea-

362 1314 1201 1481 llu‚·l,l”i‘¹tt¹ut⁰ttt”telletltlttl‘
1217 1316 1447 1482 lilim

363 1482 483 1545 incolae
503 1486 573 1546 Lazi
594 1484 678 1548 dicti.
719 1480 869 1541 Caucasus
891 1502 977 1543 mons
997 1480 1168 1543 notissimus
1187 1493 1233 1543 est
1254 1485 1291 1543 in
1314 1498 1449 1545 veterum

363 1566 472 1628 libris:
507 1570 588 1630 iuter
606 1566 761 1628 Euxinum
788 1564 924 1625 Pontum
944 1575 975 1625 et
994 1586 1080 1625 mare
1100 1564 1247 1646 Caspium
1267 1588 1448 1641 excernens,

306 1676 314 1690 ·
362 1649 542 1711 Sarmatiam
558 1653 722 1711 Asiaticum
741 1648 781 1709 nb
803 1647 937 1707 Albania
958 1646 1057 1709 lberis
1079 1656 1110 1707 et
1131 1646 1284 1708 Colchide
1303 1650 1451 1711 distermi-

363 1742 428 1877 pte:-
476 1734 585 1796 Colchi
610 1732 703 1793 hodie
732 1732 825 1810 Lari,
855 1729 934 1791 lberi
963 1739 996 1792 et
1024 1728 1140 1792 Albani
1166 1733 1335 1816 Mengrelii
1352 1732 1450 1817 appel·

416 1824 477 1877 tur.

448 1898 486 1961 P.
512 1898 584 1975 543,
610 1920 655 1977 ιι).
695 1892 752 1959 τὸν
773 1892 900 1975 porpirio
913 1892 1087 2040 BlazlocL
1112 1896 1140 1959 Is
1160 1906 1228 1959 erat
1248 1896 1393 1958 Drseulii
1411 1898 1448 1957 si-
1493 1904 1494 1955 ἕ

365 2002 405 2043 ve
426 1980 578 2042 Drneulne
607 1968 705 2058 filius,
738 1978 855 2041 Vludus
876 2000 930 2041 seu
952 1976 1058 2039 Vladis
1090 2000 1125 2041 us
1145 1980 1334 2061 appellatus.
1377 1982 1447 2041 Lun-

365 2067 454 2128 nieus
475 2064 528 2128 lib.
546 2084 568 2145 9
588 2085 651 2125 non
672 2065 761 2145 longe
781 2084 800 2123 a
824 2062 896 2123 line.
921 2060 1123 2124 Leunelavius
1144 2060 1199 2123 lib.
1227 2064 1279 2123 15.

449 2146 487 2207 Ρ.
510 2146 580 2233 344,
603 2168 633 2230 9.
674 2140 839 2228 Δύστρας]
888 2145 1003 2226 Dystrs
1027 2144 1102 2205 olim
1126 2142 1355 2224 Aoupu'orolov
1375 2144 1447 2224 tepi-
1493 2162 1494 2199 l

367 2250 429 2309 ων,
447 2230 677 2306 Durostorum,
698 2230 814 2311 Mysiae
844 2227 993 2288 inferioris
1013 2229 1088 2291 urbs
1106 2228 1145 2289 nd
1164 2227 1351 2289 Danubium
1371 2231 1430 2290 sita

452 2312 491 2375 Ρ.
513 2312 585 2391 545,
609 2334 638 2375 r.
679 2308 829 2382 Ἀλάνονς
854 2308 909 2370 καί
931 2303 1094 2393 Οῧννόυς]
1136 2311 1228 2371 Alani
1248 2313 1284 2371 in
1308 2312 1444 2372 Sarmatia

369 2394 530 2478 Europaeo
550 2394 636 2458 sedes
655 2394 849 2456 babueruntr
870 2393 997 2454 Podolia
1019 2392 1114 2456 hodie
1134 2393 1316 2476 appellatur
1336 2394 1388 2456 ills
1405 2417 1443 2456 rr-

369 2479 430 2561 gin.
473 2469 587 2542 Oinoe
607 2489 679 2540 sunt
701 2479 862 2558 ilungari,
883 2477 936 2556 qui
959 2478 1085 2541 Daciam
1106 2491 1313 2558 occuparunt.

452 2561 489 2624 P.
512 2561 583 2639 545,
606 2564 658 2623 23.
704 2555 841 2642 ᾐτήσατο
857 2555 913 2639 τὴν
939 2559 1050 2643 νῆσον]
1092 2561 1196 2622 Bosius
1217 2559 1304 2622 hanc
1326 2560 1445 2621 obsidio·

369 2663 440 2704 nem
460 2643 501 2705 ad
523 2667 637 2705 anuum
661 2645 735 2728 1457
759 2643 870 2716 refert,
892 2641 945 2702 sed
966 2662 1144 2724 perperam:
1163 2664 1246 2703 anno
1269 2646 1357 2704 enim
1382 2644 1444 2720 ritis

368 2726 517 2808 Mitylene
537 2738 712 2809 oppugnata
734 2737 767 2788 et
787 2725 889 2786 dedita
910 2735 966 2801 est,
988 2735 1018 2785 et
1039 2737 1101 2788 tota
1121 2725 1236 2786 Lesbos
1259 2727 1297 2786 in
1320 2737 1446 2807 potesta-

368 2817 431 2868 tem
455 2809 632 2869 Meheruetis
652 2811 747 2871 venit.
772 2809 877 2870 Bosius
904 2829 998 2892 porro
1020 2811 1126 2870 usserit
1147 2807 1357 2870 Mehemetem
1377 2819 1447 2871 tem

368 2911 441 2951 enm
460 2891 523 2953 filio
545 2891 712 2964 sconsum,
735 2901 765 2952 et
780 2891 910 2952 Luchini
921 2890 1065 2952 Catulusii
1090 2890 1177 2953 nothi
1196 2891 1380 2973 proditione
1396 2895 1447 2953 Μι-

368 2974 493 3057 tyleuen
513 2975 718 3057 occupavisse.

452 3059 491 3120 P.
511 3057 585 3134 546,
608 3081 636 3118 2.
678 3051 863 3140 Δομινίκου]
904 3057 962 3118 Ilio
981 3055 1160 3118 Dominicus
1178 3056 1313 3120 duxerat
1334 3079 1450 3121 uxoren

369 3139 501 3202 Marium
520 3140 614 3202 liliam
635 3141 754 3202 Paridis
775 3139 955 3218 Iustiniani,
985 3143 1038 3221 qui
1059 3139 1144 3200 inter
1163 3145 1353 3224 praecipuos
1375 3147 1449 3202 ium·

368 3218 418 3282 lae
437 3224 505 3283 Chii
530 3225 640 3306 opibus
664 3223 845 3305 praestabat„
864 3223 944 3284 hunc
961 3223 1078 3284 Paridis
1101 3223 1195 3284 filiam
1216 3227 1367 3298 illua-iam,
1390 3245 1449 3286 tun

368 3301 403 3362 in
424 3305 542 3388 lepram
572 3306 744 3376 incidisset,
774 3308 901 3369 maritus
927 3328 946 3367 a
966 3326 998 3365 se
1032 3327 1095 3366 uon
1127 3305 1257 3384 dimisit,
1291 3309 1450 3390 eodeanrs

370 3384 450 3448 lento
470 3409 505 3447 ac
533 3409 635 3448 mensu
661 3410 731 3449 cum
761 3410 795 3449 ea
831 3411 951 3472 semper
972 3409 1044 3450 usus
1065 3401 1120 3455 est.
1143 3401 1265 3471 postea,
1293 3413 1369 3454 cum
1393 3393 1449 3451 Do·

356 3469 500 3532 ,minicus
520 3469 552 3530 in
583 3471 709 3532 insidias
728 3472 923 3534 inimicorum
944 3492 1071 3534 suorum
1092 3473 1249 3534 incidisset
1270 3486 1305 3535 et
1326 3497 1361 3535 ex
1383 3495 1449 3535 uro·
1493 3519 1494 3552 ,

370 3551 413 3612 ris
435 3554 606 3615 carissimae
632 3554 822 3637 amplexibus
857 3561 888 3618 vi
919 3556 1062 3635 obreptus
1089 3567 1190 3628 esset,
1226 3556 1296 3637 ipsu
1316 3563 1449 3619 mim
1493 3567 1494 3632 l

370 3655 524 3719 nusquam
551 3633 697 3716 deseruit,
718 3650 825 3699 mutuo
846 3659 952 3702 amore
972 3641 1114 3699 maritum
1134 3637 1368 3701 dilectissimum
1390 3661 1449 3722 prn-
1493 3633 1494 3694 l

370 3729 484 3786 secuta.
506 3720 654 3781 videndus
688 3723 872 3802 Augustinus
895 3721 1079 3784 lustiuinnus
1104 3720 1136 3782 in
1158 3721 1274 3787 Annei.
1303 3725 1448 3785 Genusus·

370 3819 480 3862 rerum
509 3805 627 3865 silentio
654 3805 822 3867 transmisit
847 3805 1044 3868 Dominicum
1078 3827 1097 3865 a
1124 3805 1218 3866 fratre
1247 3827 1307 3868 suo
1331 3807 1447 3869 nicetae
1493 3873 1494 3910 ,

370 3882 463 3949 fnisse
478 3889 621 3950 necisum.
