3075 4825
321 358 483 429 norea
514 358 764 426 mearam
793 356 981 441 manre.
1109 329 1193 449 377

123 511 344 597 dogmatum
367 509 482 575 mnodo
506 532 540 575 se
565 512 691 575 truvo-t
716 510 751 575 di
773 518 847 575 sne?
896 510 1004 575 Aldito
1027 510 1056 575 el
1076 530 1197 575 menon

123 596 160 659 de
177 598 324 670 lunone,
345 594 494 675 Peinsith,
519 594 613 657 homo
636 595 735 659 molto
755 608 881 659 verneto
902 605 935 657 et
956 596 1075 672 fallace,
1100 595 1197 659 dinizo

123 679 152 741 la
171 690 271 741 mente
288 700 344 740 sua
368 678 408 740 ad
430 681 511 740 altro
529 679 680 760 persiae,
704 691 735 741 et
753 700 814 741 con
834 682 976 741 simulata
996 678 1127 741 amicitia
1145 700 1197 740 ex·

121 764 222 845 cogito
245 782 335 825 senza
355 761 489 844 balaglia
511 764 662 843 aquistare
682 762 711 823 lo
741 763 852 825 citade.
894 761 1010 825 Mando
1033 783 1050 821 a
1072 760 1198 823 (licead

120 844 270 907 Emannel
290 844 481 927 impendere
499 844 555 907 che
573 846 788 908 iniustamente
807 846 911 907 tenivo
924 845 1197 926 Constantinopoli,

119 927 173 991 else
191 928 231 991 de
250 950 345 989 saxon
367 936 495 990 toccava
514 950 532 988 a
551 928 678 990 Zaanne
696 948 753 989 suo
777 938 908 1011 nepote,
930 929 1063 1010 legitimo
1082 926 1198 991 herede

120 1009 157 1073 d·
176 1010 348 1093 l’imperio,
369 1021 401 1071 et
417 1010 474 1073 che
492 1030 526 1071 se
546 1009 659 1073 lccoese
680 1009 724 1071 lui
746 1010 814 1073 fora
832 1011 910 1073 delle
930 1012 1016 1087 eitta,
1040 1021 1071 1071 et
1091 1011 1199 1071 lassae

119 1114 152 1156 ee
168 1106 275 1157 ωιτη
301 1094 429 1155 Zuanne
457 1092 590 1175 legitimo
617 1093 821 1173 imperadore.
873 1092 915 1156 Et
935 1094 980 1156 lai
1000 1096 1053 1176 poi
1070 1092 1199 1155 honeris

117 1178 244 1261 pacifice
264 1179 466 1239 conventione
485 1179 572 1238 coni
592 1178 728 1243 citadini.
769 1178 815 1239 Lo
837 1175 1030 1259 imperadore
1049 1177 1139 1261 piene
1159 1174 1199 1239 de

119 1262 267 1342 sapientia
286 1270 317 1323 et
337 1258 493 1331 bontade,
514 1258 699 1321 intendendo
719 1257 795 1321 ch’el
816 1260 931 1343 populo
952 1282 1040 1343 gaeso
1060 1278 1200 1321 murmu-

117 1362 208 1421 rava,
232 1354 265 1405 et
295 1344 397 1405 alcuni
432 1352 637 1427 apertamente
669 1345 861 1405 wentivano
889 1342 937 1404 ala
972 1342 1122 1405 rechieste
1150 1341 1200 1404 del

117 1434 275 1507 manno,
294 1424 446 1488 dicendo:
470 1424 582 1507 perche
603 1448 665 1487 non
693 1425 769 1488 cede
799 1449 818 1487 a
837 1426 938 1510 quello
958 1424 1015 1487 che
1040 1425 1078 1487 de
1100 1446 1200 1487 raxon

118 1517 208 1570 tenca
227 1509 397 1591 l’imperio?
417 1507 473 1571 che
494 1530 548 1591 per
568 1509 718 1591 imperare
736 1508 781 1571 lui
802 1531 866 1571 non
889 1509 928 1570 ha
946 1530 1022 1570 cura
1041 1508 1080 1569 de
1099 1508 1129 1569 la
1149 1530 1201 1570 sa·

117 1589 182 1653 late
202 1590 243 1654 (le
262 1594 334 1655 tutti
354 1593 418 1653 noi.
471 1591 798 1674 sapientissimemente
818 1592 1033 1675 cmsigliadose
1050 1590 1160 1653 nuntii)
1182 1614 1200 1653 s

117 1673 261 1749 Zunnne,
294 1675 323 1737 el
351 1675 423 1759 qual
456 1694 491 1737 se
518 1686 646 1737 troveve
671 1698 730 1738 con
749 1677 781 1738 X
810 1677 893 1738 milia
913 1676 1031 1737 Turchi
1053 1694 1201 1757 pressos

115 1754 401 1842 Constantinopoli,
420 1756 497 1820 ch’el
517 1778 641 1821 venesse
662 1782 681 1821 a
698 1761 748 1823 far
768 1760 797 1821 la
816 1780 872 1822 sua
893 1760 1007 1821 intrata
1025 1757 1057 1819 in
1077 1758 1107 1819 la
1127 1759 1200 1821 citit

113 1838 173 1903 che
192 1842 240 1903 lui
258 1862 311 1903 ers
337 1842 472 1924 clisposto
491 1862 511 1903 a
532 1842 713 1925 consignarli
741 1840 911 1925 l’imperio,
932 1851 964 1903 et
987 1860 1053 1903 esso
1071 1844 1202 1924 perticae

110 1942 173 1985 oon
193 1924 225 1986 le
245 1924 346 2005 gotie,
366 1926 396 1987 le
415 1924 504 2007 quale
525 1945 560 1987 se
580 1935 712 1987 trovam
731 1924 865 2001 havere,
888 1936 919 1989 et
937 1922 1038 1985 ander
1058 1946 1077 1985 a
1097 1924 1199 2005 qudlo

110 2004 186 2067 loco
215 2005 277 2067 che
303 2006 425 2089 placeris
450 2005 550 2067 el'elto
582 2006 646 2069 dio.
686 2008 730 2069 Et
757 2006 831 2069 dato
858 2016 888 2069 et
924 2014 1066 2069 mereto
1095 2000 1244 2069 secra-⁵5

109 2096 223 2149 mento
251 2087 290 2149 de
320 2086 487 2151 observare
514 2098 631 2171 quanto
661 2090 683 2151 li
713 2088 810 2151 heres
831 2110 1003 2172 promeseo,
1026 2088 1152 2151 Zueone
1172 2088 1203 2151 l‘o

110 2170 154 2233 de
176 2169 305 2242 Mannel
324 2170 562 2254 benignemente
582 2182 750 2253 acceptato.
791 2174 884 2234 Alora
909 2173 939 2233 in
960 2172 1112 2253 presentia
1133 2170 1205 2233 delli

112 2254 277 2316 noellenti
298 2263 330 2315 et
351 2253 392 2319 de
410 2264 490 2316 tatto
514 2255 543 2315 el
562 2255 677 2337 popolo
710 2253 886 2316 ricomando
907 2255 936 2316 la
957 2255 1017 2316 cita
1036 2264 1068 2315 et
1089 2252 1206 2335 l’impe.

115 2338 165 2399 rio
187 2357 208 2397 a
229 2338 367 2399 Zuanne.
407 2336 469 2399 Poi
488 2336 568 2398 usito
588 2338 627 2401 de
645 2336 908 2420 Constantinopoli
933 2357 992 2399 con
1014 2336 1044 2398 la
1059 2336 1206 2420 mogliera

118 2431 151 2482 et
172 2419 282 2504 figlioli
309 2421 342 2488 iu
373 2421 452 2504 galia
474 2419 603 2498 monto,
634 2441 721 2483 come
742 2441 795 2484 ena
816 2431 894 2484 stato
914 2421 944 2482 la
972 2420 1138 2482 htentione
1167 2419 1206 2482 de

114 2502 256 2566 Peinsith
287 2513 318 2564 et
334 2502 374 2566 de
392 2505 530 2566 Zuenne.
579 2503 693 2568 Peinsit
722 2523 799 2567 vero
822 2525 878 2586 per
897 2515 1005 2588 questo
1026 2524 1088 2565 non
1108 2503 1206 2566 henes

115 2587 145 2648 el
166 2607 228 2650 sno
248 2586 409 2669 desyderio
427 2585 565 2670 edepito,
590 2587 704 2669 perche
720 2589 772 2650 nel
791 2607 847 2650 eor
865 2607 922 2648 suo
942 2587 1023 2648 alno
1044 2607 1106 2648 non
1129 2605 1206 2668 pen-

115 2689 191 2733 snva
213 2669 272 2732 che
292 2670 389 2732 hever
410 2670 693 2754 Constantinopoli,
721 2691 778 2754 per
796 2670 826 2732 la
845 2668 934 2752 quale
954 2669 1051 2732 larvea
1071 2684 1206 2752 pmtnee·

116 2772 152 2814 so
173 2775 194 2817 a
215 2754 346 2816 Zunnne
364 2753 442 2816 decli
464 2755 494 2816 el
513 2753 726 2836 Peloponeso,
749 2764 780 2816 et
802 2752 930 2815 iacendo
956 2763 1063 2834 questo
1084 2752 1205 2815 cambio

120 2855 180 2898 oon
211 2836 259 2899 lui
290 2856 413 2899 servm-e
443 2847 551 2899 eterna
586 2858 671 2920 pexe.
727 2839 781 2898 Ma
801 2837 929 2898 Zaanne
948 2835 1206 2898 Christianissimo
1272 2849 1276 2856 '

79 2939 83 2948 ’
115 2917 330 3002 impendere,
351 2921 480 2984 zelatore
500 2918 541 2981 de
559 2921 589 2983 la
609 2919 680 2984 fode
700 2920 886 3002 evangelica,
910 2917 1051 2981 vedendo
1071 2919 1207 3000 legnan-

115 3001 155 3064 de
177 3004 285 3087 inopia
305 3012 337 3064 et
356 3005 483 3064 ceratia
495 3003 525 3063 in
544 3005 575 3064 la
594 3004 670 3079 citt,
692 3009 724 3069 el
737 3002 794 3066 che
808 3005 908 3065 veliva
927 3001 956 3064 el
977 3003 1130 3062 frumento
1142 3001 1205 3065 XX

114 3083 243 3170 iperper
264 3086 294 3146 la
313 3105 453 3163 mesura,
476 3086 549 3147 ctli
572 3085 689 3148 subditi
708 3107 767 3169 per
791 3088 820 3148 la
842 3085 996 3148 extremitia
1016 3083 1056 3146 de
1075 3093 1154 3146 tutte
1173 3084 1203 3146 le

115 3189 190 3232 cose
210 3173 247 3232 aa
269 3191 369 3232 erano
389 3168 463 3230 tutti
484 3170 653 3230 consumati
674 3178 707 3230 et
726 3189 908 3232 comenneva
928 3166 1143 3230 adescendere
1164 3167 1205 3231 acl

115 3249 280 3320 infidelita.
301 3273 352 3314 ma
371 3273 429 3334 pur
444 3251 493 3313 col
512 3271 566 3312 cor
586 3251 698 3314 devoto
720 3264 751 3314 et
769 3253 901 3315 contrito
920 3275 939 3312 a
958 3250 1011 3314 clio
1031 3272 1064 3314 se
1086 3251 1206 3314 confoe·

113 3355 212 3413 sava,
239 3335 445 3398 humilmente
463 3333 579 3396 orando
599 3334 658 3396 che
686 3335 783 3397 laira
804 3357 861 3397 sua
882 3339 960 3396 iuste
982 3356 1038 3419 per
1058 3334 1069 3395 i
1088 3335 1205 3416 peccati

113 3416 147 3478 di
169 3420 266 3482 Greci
284 3439 318 3480 se
337 3427 527 3480 convertesse
546 3416 622 3480 clt’el
641 3417 757 3500 populo
790 3439 847 3480 eno
865 3439 898 3480 se
924 3427 1143 3482 sottomcttesse
1173 3417 1203 3479 al

112 3499 664 3668 ils‘ltlnltllltlnt‘lss
679 3501 887 3646 tlt‘tlt*
903 3499 1244 3669 {lieioeiii'lffn

111 3675 162 3730 sto
181 3679 290 3751 tempo
311 3667 459 3732 Emanuel
485 3689 617 3750 perverse
645 3669 688 3729 ali
707 3669 755 3730 liti
778 3666 817 3729 de
836 3667 973 3750 Pelope,
994 3678 1025 3730 et
1046 3668 1162 3728 arivatn
1183 3687 1202 3728 a

113 3750 254 3814 Modone
287 3751 366 3813 lasso
398 3755 430 3814 in
464 3752 567 3834 quella
598 3761 682 3813 tcrra
709 3752 740 3814 la
758 3752 953 3834 imperatrice
974 3761 1005 3812 ct
1024 3751 1075 3812 doi
1095 3749 1202 3830 piccoli

112 3833 240 3916 figlioli,
261 3835 388 3896 Zunnne
406 3856 516 3896 ancora
536 3833 694 3911 infantulo,
718 3845 749 3897 et
767 3833 931 3898 Theodoro
949 3833 989 3896 de
1008 3835 1055 3896 etl
1074 3833 1201 3916 alquan-

112 3925 147 3977 to
164 3919 223 4000 piis
245 3929 406 4001 provecto.
456 3919 499 3980 Le
531 3916 613 4001 galle·
630 3918 777 3980 remando
797 3919 957 3995 indictro,
978 3927 1010 3980 ct
1030 3915 1074 3978 lui
1094 3915 1199 3978 monto

114 3997 148 4067 ln
168 4021 235 4066 una
255 4000 371 4084 grande
391 4021 483 4076 nave,
506 4010 538 4062 et
554 4001 665 4084 navigo
686 4023 704 4060 a
716 4001 857 4062 Veneeia.
878 4001 918 4063 de
946 3999 969 4060 li
995 3998 1075 4061 ando
1102 4021 1121 4060 a
1140 3999 1203 4060 Mi-

116 4081 212 4157 lann,
236 4103 255 4147 a
275 4088 405 4161 Genua,
427 4107 445 4144 a
465 4084 634 4159 Fiorenna,
658 4105 677 4145 a
698 4084 839 4149 Ferrara.
862 4095 892 4145 et
914 4083 988 4143 tutti
1007 4083 1029 4144 li
1050 4084 1200 4164 potentati

115 4164 156 4226 cle
176 4167 268 4234 ltalia
289 4166 413 4242 visitati,
436 4165 645 4247 ‹laProvenza
665 4165 754 4248 passi)
777 4168 807 4228 in
823 4166 987 4229 Germania
1009 4177 1039 4228 et
1059 4167 1091 4227 in
1102 4167 1201 4228 Fren-

114 4269 164 4311 sn.
207 4251 253 4315 Et
274 4250 313 4314 da
332 4251 404 4314 tutti
424 4251 500 4336 regi,
521 4250 591 4315 duci
610 4260 641 4315 et
658 4251 788 4337 principi
807 4248 994 4313 dePoncnte
1010 4270 1067 4314 con
1086 4251 1200 4337 grande
