3075 4825
299 352 462 421 manca
488 356 738 423 tnmnrnem
766 353 955 421 trenaro.
1075 328 1162 447 437

82 508 181 575 l’altra
202 510 313 581 huda.
353 512 398 575 La
417 524 507 575 nocte
526 522 675 597 sequente
694 512 779 575 circa
799 512 828 575 la
847 509 979 575 secontia
994 508 1097 597 vigilia
1114 536 1163 577 ee·

82 596 177 657 sendo
198 605 314 659 renuto
335 594 502 674 Camnsos,
520 596 652 657 amando
675 596 810 658 l’ordene
829 594 923 671 dato,
948 593 976 655 al
997 592 1052 656 lito
1073 619 1165 661 verro

84 678 111 737 cl
133 690 251 779 ppnte,
281 690 312 741 et
332 680 442 781 'Zenait
469 678 535 739 solo
565 678 713 777 dal’nltra·
735 678 858 776 banna,
887 674 995 755 ettoli
1015 682 1164 785 per'ceati

81 781 183 908 {iiiiii
193 759 332 907 lemilirtii
341 760 421 906 al‘i'rti
439 761 1163 929 fftssppedgltlzptsffighfpagppppnchpopnffi

82 925 112 986 io
144 948 224 989 nono
251 924 345 1009 figlini
378 928 416 989 de
444 938 500 988 tuo
531 938 638 1009 patre,
672 938 702 989 et
732 938 765 989 tu
797 929 837 989 sei
860 926 965 989 fracto
983 924 1032 987 dcl
1054 938 1163 991 ventre

80 1010 160 1071 della
181 1010 243 1072 min
265 1022 376 1072 melre.
424 1010 465 1071 Et
483 1009 601 1073 benchi
633 1012 662 1071 io
682 1012 725 1071 eia
747 1010 831 1091 dopo
852 1010 874 1069 ti
897 1008 1052 1085 cruciato,
1079 1024 1163 1074 certe

81 1094 111 1153 io
141 1094 249 1154 vorrie
277 1094 335 1155 che
368 1102 401 1153 tn
433 1094 505 1155 foeni
524 1095 657 1175 principe
688 1092 737 1154 tlcl
762 1092 877 1153 mundo
905 1102 937 1155 et
966 1093 1163 1173 aignomasti

81 1186 158 1237 tutte
180 1177 209 1237 le
231 1187 322 1257 parte
343 1174 523 1249 habitabile,
547 1176 662 1257 perciti
680 1176 780 1237 anche
797 1177 839 1237 mi
859 1177 935 1236 scria
955 1175 1108 1259 participe
1127 1178 1162 1238 di

80 1259 123 1319 toi
147 1256 233 1319 beni.
253 1280 342 1321 corne
364 1258 509 1343 adunque
530 1270 637 1341 qnerto
660 1280 708 1319 mc
725 1259 806 1320 neria
826 1256 916 1319 dolce
935 1268 968 1318 et
988 1279 1075 1334 caro,
1096 1260 1163 1323 oorl

81 1360 97 1400 a
127 1360 177 1401 rnc
197 1342 215 1401 e
235 1362 338 1403 amara
360 1340 462 1421 doglia
483 1354 579 1403 aentrr
599 1340 655 1402 che
674 1354 708 1403 tn
734 1344 759 1402 ai
781 1342 812 1402 in
832 1350 984 1402 atrectare
1000 1352 1032 1403 et
1054 1340 1085 1401 in
1105 1364 1162 1425 pe.

82 1424 180 1485 riculo
202 1432 236 1485 et
267 1424 299 1485 in
321 1446 420 1485 mezzo
452 1425 491 1485 tle
515 1424 607 1507 quelli
627 1424 683 1485 che
705 1425 867 1485 nutricano
887 1422 982 1484 hodio
1002 1434 1109 1485 contra
1129 1434 1164 1487 tc

80 1515 110 1569 ct
131 1505 171 1567 de
193 1504 223 1568 le
244 1518 296 1569 tne
315 1508 479 1591 dirgratie3
510 1518 540 1569 ct
564 1508 600 1570 dc
628 1512 699 1591 ogni
717 1516 773 1570 tna
791 1505 871 1569 mala
894 1515 1024 1568 ventura
1043 1508 1163 1589 grande

82 1588 192 1651 dolore
213 1592 341 1672 prendo.
383 1591 433 1652 Tu
456 1590 524 1651 verli
544 1612 602 1652 oon
624 1590 673 1652 chi
694 1590 832 1652 caralclri
853 1599 884 1651 ct
904 1610 965 1652 con
987 1588 1037 1649 chi
1056 1600 1091 1650 tn
1112 1592 1162 1653 ri-

80 1672 123 1731 ri.
165 1672 200 1733 ln
220 1674 319 1755 prima
339 1672 412 1736 tutti
433 1674 538 1769 quanti
559 1673 673 1737 dicono
696 1685 805 1759 questo
826 1673 974 1735 Mustelae
995 1692 1059 1733 non
1079 1694 1162 1735 emer

80 1752 147 1815 dela
165 1758 367 1837 generatione
386 1756 448 1818 deli
471 1758 648 1829 Ottomnni,
672 1768 704 1820 ot
725 1768 831 1841 queste
850 1776 928 1819 voce
948 1776 1004 1839 per
1024 1766 1107 1816 totto
1128 1776 1163 1818 ae

78 1848 179 1930 penta.
222 1839 430 1937 secundario,
451 1860 537 1939 corne
557 1839 653 1937 perii
678 1841 723 1901 soi
742 1841 817 1923 gesti
835 1859 868 1901 sc
886 1838 1066 1939 demontrap
1078 1837 1122 1899 lni
1142 1838 1162 1899 i.

77 1922 639 2083 iii⁰i2¹iinii¹⁰0iffli¹i²¹¹iaii
650 1920 1162 2067 ilitl‘ttttttllttt

77 2082 151 2144 detti
174 2090 273 2148 nostri
299 2086 410 2162 duchi,
431 2086 534 2148 hanno
574 2098 667 2149 avuto
689 2087 742 2147 alti
766 2099 797 2149 et
817 2084 926 2171 grandi
943 2086 1089 2166 pensioni,
1112 2086 1162 2145 in·

79 2165 197 2229 fluente
230 2167 259 2229 in
284 2170 376 2252 quelli
400 2170 428 2229 ln
448 2191 502 2231 eun
522 2169 642 2231 virtnde
670 2167 705 2231 e'l
724 2190 820 2251 tegno
842 2166 994 2231 horribile
1014 2168 1054 2228 de
1073 2170 1162 2229 Mar·

79 2258 129 2326 te,
151 2270 241 2313 come
260 2272 317 2335 per
339 2254 358 2313 li
379 2253 455 2333 gesti
475 2252 592 2314 militnli
612 2254 651 2315 de
667 2251 809 2313 cadanno
827 2274 844 2312 a
863 2248 969 2312 tntt’ol
990 2249 1108 2310 mondo
1127 2269 1162 2310 re

80 2330 242 2401 demortm.
291 2334 420 2413 Tertio,
451 2356 483 2397 se
507 2346 615 2419 questo
648 2346 701 2397 tuo
721 2333 868 2409 Mustelae
897 2334 958 2396 ben
981 2330 1217 2413 deveniasaerpr

81 2409 261 2491 monarcha,
293 2417 353 2482 ello
382 2420 399 2480 e
423 2419 517 2480 horno
534 2419 724 2492 effeminato,
750 2418 854 2479 dedito
865 2415 905 2479 ‘al
926 2415 1022 2490 vino,
1044 2425 1075 2478 et
1093 2436 1163 2477 rua-

80 2496 138 2560 tioo
159 2499 305 2568 barbaro.
353 2502 390 2562 Li
412 2501 509 2564 nobili
541 2502 580 2564 de
604 2504 722 2586 Hystra
743 2511 775 2563 et
794 2501 873 2562 della
893 2501 1003 2562 Gracia
1024 2499 1056 2560 ln
1076 2497 1163 2558 chia.

82 2599 171 2644 mano
192 2583 400 2647 Auraneeidee
419 2585 648 2662 anecanidee‚
669 2583 869 2646 decendente
887 2581 926 2644 de
944 2581 1030 2644 haeae
1051 2581 1162 2642 condi-

82 2665 181 2739 tione;
217 2678 249 2728 et
278 2668 335 2729 ohe
365 2667 386 2728 li
416 2671 533 2752 antiqui
563 2669 633 2730 duci
657 2687 752 2729 erano
777 2666 828 2727 del
858 2666 996 2748 germine
1015 2663 1088 2725 delli
1111 2663 1163 2726 dci

82 2743 170 2829 degni
196 2748 369 2833 d'imperio.
427 2753 479 2813 Mn
506 2751 627 2833 quando
649 2752 706 2810 ben
741 2748 770 2810 la
792 2749 917 2810 l‘ortnna
938 2747 977 2826 (la
996 2747 1070 2832 qual
1091 2767 1163 2807 coen

82 2826 131 2890 dio
153 2833 254 2916 voglio
278 2833 333 2894 ohe
355 2839 413 2898 mni
434 2855 498 2896 non
517 2835 573 2910 sie)
593 2835 755 2916 guardasse
774 2853 834 2893 con
855 2833 970 2915 aliegro
991 2829 1163 2890 voltoMn-

83 2914 173 2992 nata,
202 2936 267 2978 non
299 2918 473 3002 comprendi
507 2917 563 2978 cire
590 2937 643 3000 per
666 2915 695 2976 la
716 2935 770 2976 sua
793 2915 909 2976 inercia
928 2912 1110 2974 abbraciarlt
1133 2921 1164 2972 et

83 3000 231 3080 strengera
266 2995 343 3062 oolla
377 3023 447 3062 man
476 3000 577 3061 desire
605 3001 676 3062 tutti
705 2997 726 3058 li
754 2997 887 3080 principi
907 2995 946 3056 de
967 2996 1115 3071 Oriente,
1138 2993 1161 3054 li

84 3079 160 3156 quali
182 3091 218 3142 tu
237 3103 295 3144 oon
318 3081 346 3144 la
368 3095 419 3146 tua
443 3085 529 3144 vertit
551 3083 603 3142 hai
624 3079 786 3144 derenci-oti
807 3078 890 3140 dalle
909 3077 993 3138 aedie
1012 3081 1163 3159 patetne?

84 3157 122 3219 Et
140 3165 265 3247 quando
296 3168 393 3248 questi
422 3167 542 3227 loeserm
575 3165 706 3226 restituti
730 3163 802 3224 nolli
825 3163 872 3223 eoi
890 3160 1079 3244 principati,
1104 3158 1163 3221 ohe

86 3258 194 3324 aspeote
214 3254 276 3312 tu?
296 3269 329 3310 se
349 3271 410 3312 non
436 3251 505 3309 finir
525 3246 554 3308 la
584 3257 635 3306 tua
659 3247 719 3306 vita
740 3246 958 3308 miseramente.
1000 3244 1065 3305 Che
1080 3251 1164 3303 certe

107 3340 189 3390 uesta
218 3332 299 3394 neria
328 3353 389 3395 nnn
420 3331 536 3414 grande
556 3329 721 3411 indognitlt.
764 3327 864 3406 Quale
884 3327 902 3388 i>
923 3325 994 3387 delli
1015 3323 1164 3388 honorati

86 3345 137 3468 iile
157 3433 217 3476 non
246 3435 392 3496 cognosce
420 3414 448 3476 ln
475 3427 529 3476 tun
560 3415 660 3474 anime
685 3422 715 3471 et
734 3412 764 3470 in
793 3411 821 3471 le
842 3430 911 3471 coee
931 3407 1038 3470 bellice
1058 3407 1087 3470 el
1106 3417 1163 3468 tno

87 3483 202 3559 laonico
224 3498 418 3562 ardimento?
460 3499 529 3560 Atta
554 3507 606 3556 tua
630 3493 754 3556 virtnde
776 3493 807 3552 lu
827 3491 923 3554 hodio
945 3505 974 3552 ct
995 3488 1027 3552 la
1047 3489 1166 3551 invidia

89 3567 184 3638 hanno
213 3579 344 3643 diriaato
378 3585 408 3644 el
438 3604 495 3642 suo
524 3579 630 3642 ocolrio
653 3576 799 3656 maligno.
852 3575 898 3636 La
919 3574 1069 3635 invidiae
1088 3583 1167 3634 stata

89 3657 174 3722 molte
202 3663 286 3726 volte
315 3685 427 3726 canone
447 3665 486 3727 de
508 3681 633 3724 menore
661 3661 682 3722 li
702 3659 791 3722 heroi
824 3657 1008 3740 magnanimi
1030 3655 1168 3737 inperali-

89 3735 174 3810 tione,
224 3745 333 3822 steht,
366 3747 503 3816 fratello,
527 3748 641 3826 partite
664 3743 702 3804 dn
723 3751 830 3826 questo
851 3741 1027 3802 abominato
1049 3741 1167 3799 Musia-

91 3817 128 3896 slr
148 3837 177 3887 et
193 3829 315 3891 cambia
334 3830 416 3907 loco,
442 3829 552 3912 perche
575 3828 601 3888 el
624 3829 685 3888 mio
703 3825 807 3908 signor
828 3827 946 3898 Monet,
973 3842 1026 3904 per
1045 3819 1074 3881 le
1093 3839 1167 3904 pre-

92 3901 185 3979 ghiere
213 3913 245 3974 di
274 3911 321 3972 eoi
350 3913 481 3995 principi
515 3921 546 3972 et
576 3911 656 3988 mie,
689 3920 720 3970 te
741 3917 870 3970 remette
890 3906 912 3968 li
934 3907 978 3967 toi
999 3905 1113 3979 errati,
1136 3911 1168 3961 et

92 3989 163 4050 tutta
189 3991 218 4055 la
250 3994 375 4056 fortuna
405 4009 436 4058 et
463 3995 614 4056 adversim
645 3991 701 4052 che
720 4013 738 4051 a
758 3992 802 4053 ini
834 4002 865 4051 et
886 4011 905 4048 a
925 4007 981 4048 nro
1000 3996 1093 4066 patre
1109 3981 1167 4045 imi

94 4063 180 4148 stota,
201 4089 231 4138 te
251 4078 402 4160 perdone.
447 4079 488 4139 Et
508 4076 547 4138 ‹la
569 4085 675 4158 queste
694 4073 769 4136 hora
787 4084 818 4136 te
836 4070 952 4153 guarda
973 4089 1031 4130 oon
1051 4066 1166 4130 ltoclrio

94 4143 229 4244 benigno,
253 4171 283 4222 et
304 4185 361 4242 per
382 4162 410 4222 el
429 4164 492 4222 mio
515 4182 598 4220 mezo
620 4183 638 4218 a
661 4167 692 4220 te
713 4167 742 4216 et
760 4160 782 4219 li
807 4157 853 4215 toi
874 4151 982 4213 heredi
1002 4163 1227 4248 compa-17,

94 4237 228 4304 trimonio
249 4255 278 4306 te
300 4245 379 4308 dono
404 4245 432 4307 la
455 4245 609 4326 provintia
632 4241 670 4302 tle
687 4240 760 4312 Ati,
796 4258 852 4299 oon
874 4245 982 4318 qaeeto
1003 4235 1059 4300 che
1079 4245 1114 4300 tu
1138 4235 1166 4298 ri
