3075 4825
438 355 494 420 ln
524 353 613 420 etr.
643 355 722 418 ux.
750 351 899 420 uorsa.
1129 331 1216 453 523

216 506 253 573 P.
277 525 330 591 90,
354 507 385 588 4.
428 500 502 572 ddi
517 499 748 590 Moccosissair]
781 505 867 568 ,aius
886 514 1018 570 mortem
1037 507 1147 575 codem
1168 515 1216 578 l'a·

124 614 162 658 re
195 592 287 654 rnodo
321 591 464 654 accidisse
491 592 616 652 Beccani
654 587 789 650 Annales
817 601 848 655 et
873 588 998 652 historia
1028 591 1216 662 Ver-amiam

123 686 263 744 narrant.
288 675 426 736 dissentit
448 673 489 735 ah
512 670 571 734 illis
592 669 813 738 Hanivaldana.
841 672 991 735 videndus
1013 673 1216 745 Lcuoclarius

123 759 182 826 lib.
211 779 265 836 ro,
287 779 320 818 cx
342 778 403 840 quo
425 777 538 818 annum
558 755 670 816 devicti
681 754 867 816 Musulruaui
889 762 988 818 testas
1006 764 1134 844 margini
1155 765 1214 830 ad.

124 845 265 906 iecimus.
288 841 437 902 Laonicus
460 839 514 901 lib.
535 838 555 918 i
574 859 639 900 rens
658 835 745 898 aliter
772 859 862 919 quam
883 839 935 899 alii
955 853 1071 909 narrat.
1105 907 1112 921 ,

212 925 247 986 Ρ.
268 943 321 1006 91,
352 945 398 998 ις).
422 915 575 1005 hausto]
626 923 761 982 Gaurum
788 933 819 982 et
838 925 955 984 Gaurus
988 926 1093 986 scribit
1109 925 1214 990 Leun-

121 1007 257 1084 alavius,
276 1007 372 1068 Turci
385 1008 499 1068 Giaour
521 1001 717 1088 dissyllabum
730 1003 844 1066 Gallica
865 1009 1124 1087 pronunciatione
1141 1031 1214 1072 ver-

120 1091 202 1154 bum
230 1089 480 1150 contumeliosum
514 1099 577 1166 est,
611 1086 694 1170 quod
724 1084 878 1170 infidelem
906 1088 1062 1170 significat.
1111 1092 1214 1158 Moses

124 1194 230 1256 porro
251 1173 377 1233 fratrem
399 1192 488 1234 suum
501 1169 731 1232 Musulmanum
746 1171 883 1232 Gaurum
904 1193 957 1234 seu
979 1173 1132 1236 infidelem
1154 1197 1212 1260 ap-

123 1256 225 1339 pellat
256 1255 297 1316 ob
325 1253 432 1316 foedus
461 1275 531 1314 cum
550 1257 734 1336 imperatore
755 1250 897 1316 Manuale
916 1255 956 1318 ah
977 1277 1015 1318 ac
1035 1278 1212 1341 ρειειιιιιιιι
1300 1273 1303 1278 ’

121 1339 308 1420 obsidesque
329 1339 452 1400 fratrem
472 1357 507 1398 ac
526 1357 660 1398 sororem
683 1335 779 1396 datos.

212 1422 250 1488 P.
273 1441 326 1504 91,
351 1440 402 1482 ιι.
449 1413 507 1500 τὴν
538 1417 703 1502 ῥομφαίαν
741 1418 800 1480 rasi
831 1411 1006 1504 προφήτου]
1057 1421 1106 1484 De
1124 1422 1307 1509 Halist’asp

120 1506 248 1568 acinace
270 1504 319 1566 hic
339 1503 426 1566 locus
449 1500 661 1584 intelligendus
681 1510 744 1580 ast;
767 1502 807 1565 de
826 1523 889 1586 qno
907 1503 1032 1566 Leund.
1055 1503 1211 1571 histum

120 1586 217 1650 snlm.
237 1586 291 1648 lib.
319 1607 330 1648 ι
354 1609 389 1650 ex
412 1583 551 1648 Arabum
581 1595 611 1648 et
632 1583 805 1647 Tuscorum
826 1590 1028 1650 monumentis
1052 1589 1095 1650 sic
1115 1591 1213 1654 disse-¹

122 1673 178 1736 sit.
207 1671 276 1732 irinc
305 1671 382 1732 illac
407 1669 700 1732 Muhametarsorum
713 1669 861 1748 fabellae
887 1669 929 1732 de
959 1670 1041 1732 illins
1063 1670 1212 1737 Sullicare

118 1756 177 1834 (sic
209 1753 278 1816 Alis
305 1756 458 1816 mimam
485 1754 643 1814 comitare
670 1756 903 1831 remeaverunt)
937 1775 1026 1836 quem
1058 1772 1211 1837 ιιανιαιιι,

120 1839 239 1921 quoties
258 1838 378 1916 vagina
405 1835 599 1913 educerem,
622 1838 665 1896 s'ta
691 1856 723 1896 se
743 1835 884 1898 divisisse
910 1849 944 1897 ut
960 1839 1091 1917 gemmus
1109 1837 1211 1920 effee-

119 1933 223 1996 retur,
259 1921 371 1982 cubitos
394 1918 430 1980 rs
447 1920 571 2000 tongra,
600 1932 630 1980 et
647 1917 732 1980 Arm
751 1939 787 1980 ec
809 1929 916 1980 comm
934 1915 1054 1979 Gauros
1080 1934 1213 1986 meatem

119 2002 162 2063 ab
186 2015 312 2088 utroque
345 2001 437 2064 latere
457 2019 517 2062 non
548 2001 643 2062 aliter
660 2001 742 2084 ipsos
770 2021 811 2064 ac
830 2012 956 2080 segetem
974 2019 1118 2064 messores
1134 2026 1213 2089 pro-

118 2097 259 2146 sternere
279 2086 421 2162 solitum,
442 2105 482 2146 ac
504 2098 616 2145 montes
638 2086 729 2144 etiem
762 2105 813 2145 sea
831 2085 965 2168 scopulos
983 2102 1019 2144 ec
1043 2083 1212 2148 dissecuis-

119 2189 164 2229 se.
188 2187 253 2228 mos
271 2167 410 2230 indidem
428 2165 558 2228 inolevit
576 2179 610 2228 ut
631 2167 663 2226 irs
684 2166 861 2228 militaribus
880 2168 974 2248 ιίςιιίι
997 2165 1212 2230 mammam.
1232 2227 1235 2237 ,

119 2271 193 2310 rum
212 2251 259 2310 iric
285 2249 353 2312 Alis
373 2251 506 2324 aetnae,
542 2249 607 2310 siue
628 2247 777 2326 Sullicar,
796 2250 880 2311 velut
898 2250 1100 2333 inaspicuas
1120 2249 1211 2312 Cleri.

119 2335 248 2408 arianis,
259 2335 383 2413 secutus
404 2335 477 2417 ipsis
495 2335 699 2416 exprimatur.
720 2334 751 2392 in
772 2331 1055 2415 superliminaribus
1075 2354 1211 2417 quarum

119 2416 195 2478 dam
229 2417 349 2478 aedium
380 2416 572 2499 publicarum
596 2416 684 2499 Cpoli
704 2416 762 2477 hoc
782 2414 910 2478 Sullicar
929 2436 1102 2499 expressum
1122 2414 1210 2479 bilidi

121 2501 204 2561 ensis
224 2501 321 2583 figura
341 2502 424 2577 vidi,
445 2510 471 2561 et
495 2499 629 2583 gladium
659 2498 745 2561 Halia
765 2498 915 2581 appellari
936 2499 976 2561 ah
995 2497 1102 2561 incolis
1122 2500 1211 2561 audi·

119 2585 161 2645 vi.
181 2582 248 2645 ‘hoc
276 2576 497 2667 μορμολυκείῳ
529 2593 560 2643 ct
592 2582 839 2645 terriculamenta
865 2602 1015 2665 pavorem
1032 2582 1212 2648 Christianus

119 2666 249 2747 iniicere
267 2688 341 2749 gens
361 2666 478 2728 visibus
500 2666 561 2726 suis
582 2666 710 2727 nimium
733 2666 849 2727 conlisa
868 2665 976 2727 credit.

207 2748 246 2815 P.
263 2771 315 2833 9²·
344 2770 388 2811 so.
430 2746 628 2827 πρῶτονμὲν
648 2748 682 2809 ἐν
697 2742 813 2833 Σερβίᾳ
829 2744 1036 2831 κατέδραμεν]
1079 2748 1210 2811 Adeuc.

119 2830 178 2895 dua
200 2831 406 2895 leunclavius
436 2829 489 2893 lib.
516 2851 547 2891 ιι
572 2831 642 2897 hist.
671 2831 816 2893 Musulrn.
839 2855 858 2893 a
881 2830 1068 2893 Mnhameda
1086 2854 1142 2915 per
1160 2832 1209 2895 le·

118 2927 208 2996 gatos
229 2915 268 2976 ad
290 2914 398 2977 foedus
420 2914 643 2997 amicitiamque
662 2914 901 2981 contrahendam
915 2914 1090 2977 Manualem
1111 2916 1209 2998 impe·

117 3010 256 3063 satorem
274 2998 466 3059 sollicitatum
484 2997 671 3059 Vcrautiaua
692 3008 722 3059 et
740 2997 953 3059 Hanivaldana
976 2997 1118 3059 historiae
1141 3010 1207 3060 tra-

116 3080 210 3149 dunt.
231 3080 284 3143 illa
306 3082 456 3143 victuma
479 3080 650 3141 Mehemetc
675 3082 793 3143 Mosam
809 3082 910 3162 primo
931 3101 1111 3163 congressu,
1130 3080 1206 3144 haec
1278 3124 1282 3133 ·

116 3185 194 3227 vero
224 3164 360 3227 secundo
388 3161 507 3246 praelio
535 3164 661 3241 asserit,
689 3174 720 3223 et
746 3174 876 3245 utraque
904 3163 1022 3223 Mosam
1051 3162 1083 3223 in
1104 3162 1207 3226 fratria

116 3250 165 3309 sui
197 3248 380 3309 Mchemetis
405 3264 511 3307 manus
538 3248 642 3307 vivum
674 3246 833 3308 devenisse
860 3244 1022 3309 affirmant.
1046 3246 1087 3309 de
1119 3249 1207 3310 Mose

117 3330 277 3393 Laonicus
306 3328 400 3409 lilasi
426 3324 593 3390 adeundus.
645 3328 799 3391 Phranzes
825 3332 917 3391 etiam
938 3327 991 3390 lib.
1026 3350 1037 3391 ι
1067 3351 1133 3413 cap.
1163 3332 1205 3393 30

118 3413 250 3475 istorum
271 3414 411 3477 Baiszitis
434 3411 569 3472 filiorum
595 3432 643 3473 res
666 3422 764 3493 gestas
794 3422 921 3489 narrat3
941 3423 1108 3495 nostroque
1127 3434 1206 3473 con·

118 3500 231 3571 sentit,
262 3519 332 3558 cum
351 3495 444 3559 semel
479 3504 569 3575 atque
593 3494 705 3556 iterum
733 3493 851 3555 victum
874 3494 1077 3558 Mehemetem
1098 3516 1116 3556 a
1134 3496 1204 3557 Mo-

118 3600 151 3639 se
183 3584 354 3659 recessisse,
386 3579 480 3666 tertio
514 3576 639 3639 taudem
673 3578 788 3660 praelio
818 3579 946 3641 victoria
973 3580 1108 3662 potitum
1138 3598 1204 3641 esse
1306 3630 1309 3642 .

119 3662 238 3723 scribit.
1100 3675 1111 3702 ⁴

204 3746 243 3811 P.
264 3744 324 3829 95,
354 3742 401 3808 15.
440 3742 504 3807 πᾶν
522 3738 559 3805 τὸ
590 3740 625 3804 ie
642 3738 797 3821 μετώποις
815 3740 960 3826 γραφέν]
1011 3743 1095 3819 iuxta
1114 3762 1204 3805 men·

117 3835 181 3889 tem
203 3828 443 3891 Musnlmanicaa
462 3826 517 3891 rcli
539 3829 637 3906 iouis,
657 3848 737 3909 quac
764 3824 1075 3908 praedestinationem
1107 3824 1205 3887 ineri-

118 3908 246 4009 tabilem
274 3912 425 3995 adstruit,
452 3849 592 3994 nihiique
622 3914 657 3971 ex
683 3908 818 3973 hominis
850 3909 1010 3972 voluntate
1028 3907 1124 3971 libem
1137 3908 1205 3973 lieri

119 4004 241 4056 asserit.

202 4078 240 4145 P.
262 4078 316 4163 96,
340 4078 388 4141 ιδ.
431 4066 555 4159 ἔπεσεν]
598 4076 698 4139 Moses
717 4076 851 4139 vincitur
872 4084 905 4137 et
920 4074 1107 4137 interficitur
1121 4096 1204 4139 sono

119 4156 251 4252 liegirae
271 4162 351 4239 816,
385 4160 440 4245 qui
468 4162 568 4244 coepit
595 4181 678 4223 anno
702 4158 818 4223 Christi
848 4156 946 4241 1413,
973 4156 1092 4243 Aprilis
1117 4158 1203 4223 ste·

119 4260 168 4303 rsa
189 4264 220 4307 s.
