3075 4825
379 223 467 314 506.
729 251 868 320 onena
894 249 1089 319 nrsronn

374 409 497 472 rinnon
518 405 691 472 iuramento
708 409 742 471 fo
760 409 912 484 creduto,
936 419 966 470 et
985 410 1015 470 io
1028 405 1241 470 condemnato.
1279 405 1415 470 Connanii

375 497 523 577 adunque
542 496 571 554 et
589 503 724 574 tyranno
747 492 828 553 eh’io
850 493 971 557 elizesse
1004 512 1069 552 uno
1088 491 1128 552 de
1146 491 1199 554 doi
1219 489 1305 564 maii,
1324 513 1339 553 o
1356 513 1416 552 rera-

314 577 478 638 ”triente
497 577 661 661 pagenseX
679 575 761 636 milia
776 575 890 650 ducati,
914 600 933 639 o
949 584 1124 637 veramente
1143 575 1299 656 prendesse
1311 573 1335 635 ia
1352 597 1417 654 gnar-

375 681 421 726 ra.
464 660 508 721 Et
537 661 567 720 io
596 658 835 720 contradicendo
865 670 990 722 etanta
1021 658 1172 719 iniustitia
1194 679 1254 718 non
1275 660 1378 740 possetti
1392 655 1418 716 ni

373 763 522 805 monere
552 743 593 804 ni
621 742 762 822 mitigare
792 743 820 802 ia
855 743 1017 804 sententia.
1061 743 1113 801 Ma
1134 742 1258 803 subbito
1277 740 1302 801 ei
1321 749 1418 823 tyranno

373 825 572 887 mandouro
594 825 625 886 di
643 826 691 887 soi
714 825 795 886 servi
817 847 876 888 con
907 827 984 888 eerti
1006 829 1116 886 secreti
1137 825 1363 886 comandamenti
1378 821 1418 882 ailo

372 909 494 971 Fochie
519 908 664 985 vecchie,
690 907 722 969 le
743 911 835 992 quale
854 931 949 971 erano
976 909 1026 970 dei
1047 908 1146 968 dneha
1173 909 1212 969 de
1232 908 1330 968 Lesbo.
1364 907 1420 967 Par-

372 992 466 1054 tendo
500 992 644 1073 adunque
676 991 706 1052 el
733 992 835 1053 ducha
861 991 1054 1054 Mechemeth
1074 991 1112 1052 da
1133 989 1419 1082 Constantinopolin}

243 1145 250 1153 ·
373 1069 1419 1242 i⁴a3ii0i⁰ii¹n⁶iiitn¹iiiia¹i¹i¹ito¹i¹²¹ii²2¹÷20ii¹iiii

372 1241 497 1322 quando
523 1241 555 1302 fo
576 1263 665 1322 presa
691 1241 723 1302 lo
750 1251 853 1321 terra,
883 1263 937 1305 ern
974 1246 1005 1303 in
1027 1241 1058 1303 la
1080 1239 1178 1301 insuia
1200 1238 1239 1301 de
1259 1235 1419 1300 Samonaehi

300 1323 303 1332 '
372 1323 583 1386 Cominzando
605 1325 636 1386 la
659 1325 844 1409 primavera,
871 1326 898 1388 el
912 1324 1179 1387 duchaeomando
1192 1344 1225 1384 se
1247 1321 1419 1418 apparentiae

371 1408 786 1578 tntttffitg'tottttt
802 1421 931 1572 pttt?
941 1409 1155 1574 titini-'t
1168 1406 1190 1467 ¹
1201 1401 1419 1550 Sittatttt

372 1571 437 1656 goti
460 1575 490 1634 at
507 1584 662 1657 tyranno,
682 1574 705 1635 li
725 1575 810 1657 quali
841 1597 898 1637 non
922 1575 1018 1638 molte
1037 1575 1148 1636 fatiche
1169 1579 1202 1634 et
1224 1583 1315 1634 sternte
1334 1569 1420 1631 monn

371 1677 432 1717 ron
453 1653 483 1717 la
504 1677 576 1718 coen
597 1678 616 1717 a
639 1677 736 1740 pegar
753 1658 878 1720 XXXX
907 1659 991 1720 milia
1012 1659 1138 1720 duchati
1157 1656 1264 1740 peria
1284 1655 1353 1716 fasta
1369 1647 1420 1711 etii

371 1739 492 1801 Turnhi
515 1739 650 1802 cheron
675 1761 740 1802 ersa
761 1741 875 1803 forono
898 1743 1059 1809 submersi.
1081 1752 1111 1803 et
1131 1741 1194 1802 cosi
1215 1739 1244 1800 le
1266 1759 1331 1801 rose
1349 1737 1420 1819 qnirto

372 1822 536 1889 rimareno.
577 1825 614 1885 Li
642 1823 771 1886 nitndini
794 1825 832 1888 de
854 1824 964 1888 Limon
985 1824 1139 1887 habiando
1159 1824 1241 1884 mala
1261 1829 1352 1884 mente
1367 1837 1420 1878 ooo-

371 1913 421 1968 trn
452 1906 483 1966 ei
516 1927 573 1970 nno
592 1907 698 1990 rignor
719 1908 831 1971 Nicolb
853 1907 1015 1984 Cetriuso,
1042 1918 1250 1970 ascosamente
1270 1903 1420 1966 mandarnoo

372 1989 477 2052 alcuni
505 1989 608 2051 rentili
638 1991 757 2052 homini
786 1989 815 2052 ol
840 2003 975 2076 tyranno
1010 1993 1049 2053 ad
1070 1990 1259 2052 demandare
1278 2007 1334 2049 noo
1352 1985 1376 2045 di
1390 1979 1420 2043 soi

371 2074 453 2135 nervi
477 2095 532 2156 per
553 2086 745 2158 governator
758 2074 839 2138 della
860 2077 969 2142 insuia.
1011 2077 1049 2136 El
1077 2086 1215 2158 tyranno
1241 2064 1420 2134 nscotnndoet

372 2159 485 2220 nuntio
523 2179 585 2219 eon
615 2160 733 2241 aliegro
755 2180 849 2235 nore,
878 2159 987 2220 nuntii>
1008 2159 1046 2219 ad
1068 2157 1204 2220 Esimael
1224 2154 1367 2230 eunucho,
1383 2167 1420 2229 go·

311 2241 518 2304 storea-notor
544 2239 629 2302 alora
659 2242 698 2304 de
726 2242 862 2325 Gntipoii
894 2241 1019 2324 (perche
1036 2241 1149 2302 Zenusi
1167 2261 1223 2300 era
1243 2249 1288 2300 sta
1308 2237 1419 2298 dornoso

314 2361 324 2379 ι
372 2335 404 2385 et
424 2324 455 2385 so
475 2325 620 2386 mandato
640 2326 776 2407 prefecto
796 2327 829 2386 in
851 2326 880 2385 ln
898 2328 1058 2409 provintia
1080 2325 1120 2385 de
1134 2323 1239 2400 Caria)
1258 2322 1312 2383 che
1328 2317 1420 2379 annasse

371 2407 407 2469 in
428 2409 539 2467 Limno
572 2430 631 2471 eon
659 2407 738 2493 gotie
763 2430 888 2471 numero
917 2407 1080 2489 sufficiente
1104 2408 1143 2470 od
1170 2405 1292 2469 tradere
1311 2402 1335 2465 la
1353 2395 1420 2493 insola

372 2489 413 2551 ad
440 2491 572 2550 Carnum
592 2512 650 2553 sun
680 2494 808 2555 schiavo
840 2502 873 2553 et
902 2505 1084 2576 governator
1117 2490 1220 2575 quella
1249 2510 1304 2551 con
1330 2484 1419 2547 insin

371 2573 560 2653 Agitnndoae
581 2584 687 2656 queste
709 2596 781 2637 cose
803 2575 842 2638 da
865 2576 995 2652 ismael,
1018 2578 1047 2637 el
1067 2575 1168 2637 darcha
1188 2576 1230 2635 de
1250 2572 1341 2633 Lesbo
1359 2585 1420 2628 man·

372 2654 415 2716 dt
436 2676 499 2715 nna
521 2675 577 2716 aua
595 2658 674 2740 gotia
695 2668 728 2720 et
747 2680 809 2719 nna
831 2678 911 2721 nave
931 2680 990 2721 con
1013 2660 1131 2720 homini
1153 2669 1245 2719 cento
1271 2664 1345 2717 sotto
1362 2652 1421 2709 ΖΜ

371 2736 515 2800 Fontana
543 2750 575 2802 et
603 2735 730 2822 spineta
764 2742 966 2817 columbam,
1002 2741 1146 2823 aliquali
1168 2734 1422 2822 commiscebant

371 2830 501 2883 trnrevn
513 2821 523 2881 i
537 2825 654 2885 Limnai
669 2825 774 2905 pertiti
789 2826 828 2885 de
849 2827 919 2907 quel
939 2826 996 2887 che
1017 2825 1156 2886 hoveano
1172 2826 1268 2900 sacto,
1281 2821 1301 2883 li
1313 2814 1422 2903 guardar·

369 2924 405 2967 re
423 2926 484 2967 eon
507 2904 582 2969 tieto
603 2907 707 2984 volto,
740 2920 772 2969 et
792 2928 850 2971 con
869 2909 1018 2971 dexterita
1036 2916 1068 2969 et
1088 2928 1148 2969 eon
1169 2908 1307 2969 dolcezza
1329 2902 1346 2962 li
1366 2909 1422 2959 uoc-

371 2996 451 3049 tazee
480 3012 536 3071 per
562 2992 657 3052 modo
681 2992 738 3052 che
760 2991 906 3054 ininsula
927 3002 1018 3055 torne
1039 2992 1069 3053 el
1089 2991 1194 3075 signer
1215 2990 1253 3052 de
1271 2986 1372 3049 Lesbo.
1391 2998 1422 3038 ¹11¹

370 3070 466 3152 quelli
486 3093 546 3133 non
577 3074 681 3135 bonno
700 3086 822 3138 servato
842 3074 971 3138 l’ordine
1002 3076 1097 3153 dato,
1121 3076 1187 3135 anzi
1208 3075 1310 3134 hanno
1332 3062 1422 3128 rombu-

371 3164 451 3215 tnto.
492 3157 506 3214 1
529 3155 648 3217 Limnei
676 3159 738 3218 fine
762 3180 781 3219 a
810 3159 1047 3242 cinqueoentoa
1068 3158 1189 3220 cavallo
1212 3159 1350 3218 uscirono
1369 3150 1423 3217 son,

371 3248 404 3299 et
424 3236 526 3299 hanno
547 3250 660 3301 veneto
681 3251 711 3301 et
731 3252 878 3325 snperato
893 3242 914 3303 li
925 3242 1090 3305 adversarii
1120 3240 1235 3302 Aienni
1247 3241 1348 3301 fornno
1365 3248 1422 3292 ana-

372 3320 453 3399 anfi,
473 3322 576 3383 alcuni
594 3344 675 3384 scam
700 3324 834 3387 andoin
865 3346 949 3389 mare
969 3348 1001 3387 se
1025 3348 1189 3407 annegaro.
1232 3325 1319 3385 Circa
1335 3316 1380 3379 XL
1394 3312 1422 3369 st

372 3424 452 3465 rnno
471 3408 560 3485 proei.
603 3346 708 3485 Qnelii
732 3409 743 3468 i
764 3412 848 3489 quali
873 3430 967 3472 erano
988 3410 1093 3471 rimosi
1113 3412 1142 3469 in
1166 3430 1245 3470 nave
1266 3416 1298 3468 et
1312 3408 1340 3465 in
1358 3396 1421 3479 golia,

371 3490 544 3573 pigliarono
575 3488 684 3551 Nieoiit
715 3494 882 3571 catalano,
911 3492 1040 3555 fradelio
1063 3492 1113 3579 ‹iel
1138 3496 1265 3575 oignon,
1287 3480 1421 3573 etquatr

371 3580 502 3633 trovavn
530 3572 560 3633 in
586 3572 681 3635 Palen
714 3573 825 3639 Castro
854 3587 885 3637 et
914 3600 972 3638 non
1011 3576 1114 3657 poeho
1143 3576 1247 3637 honor
1279 3578 1421 3634 tonnano

371 3652 486 3717 Lesbo.
548 3656 577 3717 A
599 3658 650 3718 tre
669 3660 754 3720 norni
778 3659 870 3741 dapoi
892 3680 963 3721 ereo
985 3660 1091 3722 ismael
1115 3659 1239 3720 arivare
1259 3656 1296 3717 ad
1317 3654 1421 3734 Lyrssss⁰3

371 3740 524 3801 uenando
554 3742 705 3816 eumuna,
743 3764 825 3805 noro
844 3755 1059 3826 governatore.
1106 3744 1150 3804 Et
1170 3740 1287 3804 laudati
1307 3739 1316 3797 i
1335 3734 1422 3818 Linnflei

370 3819 452 3882 della
478 3823 600 3904 probita
630 3825 690 3886 ebe
720 3825 859 3888 haveano
879 3838 993 3905 usato,
1024 3837 1056 3888 et
1076 3825 1147 3888 totti
1168 3828 1178 3885 i
1202 3824 1301 3887 Lesbii
1320 3814 1421 3905 captio-3

372 3905 467 3964 torni>
485 3907 523 3966 ad
544 3906 679 3989 Galipoli
699 3908 749 3970 del
769 3932 855 3971 mene
874 3910 912 3971 de
935 3912 1023 3971 Maro
1053 3910 1101 3971 del
1123 3907 1227 3992 6964,
1249 3902 1421 3967 undenario

312 3980 403 4061 337⁸¹
422 3996 554 4066 tyrannm
573 3993 602 4052 ei
624 4013 763 4053 successo
784 3992 863 4055 delle
884 4014 953 4055 cose
975 3994 1061 4058 facte.
1102 3992 1143 4052 Et
1165 3990 1300 4051 bench'ei
1320 3994 1420 4065 tyranno

371 4064 452 4127 forne
469 4074 568 4132 multo
583 4096 689 4137 anceso
711 4076 751 4137 de
763 4079 811 4135 ira
833 4076 960 4137 nontra’l
981 4078 1086 4157 signor
1107 4075 1146 4136 de
1166 4074 1286 4147 Lesbo,
1306 4056 1420 4129 oriented*-

372 4168 464 4213 rneno
480 4172 544 4216 non
559 4158 623 4221 fece
639 4159 747 4221 alcuna
759 4160 1001 4223 demontratione
1014 4180 1072 4243 per
1090 4180 1172 4221 esser
1191 4157 1287 4221 molto
1303 4147 1420 4227 ooenpew
