3075 4825
441 363 498 430 sn
526 361 615 432 oar.
645 367 699 432 ss.
728 364 879 435 noras.
1110 339 1188 429 551

122 525 256 606 tionem,
275 523 330 590 nbi
349 522 415 588 lato
437 517 524 582 illum
544 519 724 585 concessisse
750 521 916 603 scriptores
939 522 1036 586 Turni
1055 523 1196 589 emunt>

121 611 154 668 in
174 609 234 670 boc
263 618 364 670 tamen
385 604 526 675 variant,
558 623 628 664 cnm
651 603 776 686 quidum
795 616 930 668 asserant
947 617 1156 690 anteceptam
1177 633 1197 671 a

120 693 227 756 Turcis
250 686 422 772 Callipolim
441 686 646 747 Suleimanem
668 687 795 766 obiisse,
817 687 870 750 alii
889 691 953 752 eius
973 690 1069 752 ductu
1088 702 1120 755 et
1140 713 1196 754 au·

120 774 219 857 spiclis
243 769 436 856 compulsam
455 768 496 830 sd
517 769 702 832 deditionem
723 770 825 832 luisse.

202 857 240 920 P.
252 857 307 938 59,
323 876 371 916 ar.
392 854 465 932 Cap.
482 872 526 913 11.
550 852 619 912 Hoc
632 855 729 933 eapite
742 853 957 916 narratDucns
968 865 1076 916 noster
1092 877 1231 929 causasp,
1243 879 1294 930 223

119 937 159 998 nb
169 960 246 1020 quas
257 937 410 1000 lebannes
419 931 616 1015 Palaeologus
626 935 793 1018 imperator
805 959 823 998 a
833 958 937 998 socero
948 941 1060 999 iterum
1071 939 1198 1003 alienior

119 1021 228 1100 luctus,
251 1019 338 1103 Cpoli
357 1017 475 1097 relicta,
496 1017 528 1078 in
540 1017 658 1080 Italiam
674 1029 703 1082 et
715 1021 912 1082 Gmmamam
933 1020 1122 1099 discesserit;
1142 1024 1198 1085 ubi

118 1113 275 1168 transacto
304 1102 447 1178 biennio,
486 1111 517 1161 et
547 1099 681 1165 collectis
700 1105 846 1182 pecuniae
866 1103 1009 1167 nsbsidiis
1028 1104 1069 1164 ad
1089 1106 1198 1167 urbem

118 1187 267 1250 adversus
286 1187 408 1248 Turccs
435 1181 599 1261 tuendam,
621 1185 781 1256 Tenedum
808 1189 991 1265 revertitur,
1013 1186 1116 1270 ibique
1135 1189 1198 1250 Ga-

119 1271 263 1332 tclusium
295 1279 418 1341 nacms,
451 1285 523 1328 cum
550 1287 588 1328 en
608 1266 647 1328 de
668 1266 758 1350 Cpoli
783 1279 815 1330 et
834 1270 962 1349 imperio
976 1272 1199 1350 recuperandis

119 1351 249 1416 consilia
269 1353 373 1434 agitat.
424 1349 576 1410 Phrenses
595 1347 649 1411 fib.
675 1371 686 1412 1
711 1372 777 1432 cap.
803 1351 840 1413 ¹5
861 1350 1008 1413 Gatelusii
1029 1357 1199 1416 nullatenus

116 1437 277 1507 meminit,
299 1455 355 1496 nec
375 1431 465 1494 etiam
486 1431 680 1512 profectionis
699 1431 845 1496 lobannis
869 1435 1042 1518 Palaeologi
1062 1438 1094 1496 in
1115 1436 1199 1497 ltali-

118 1539 187 1593 sim,
220 1529 383 1599 antequam
412 1535 551 1582 socerum
586 1515 662 1576 urbe
681 1537 715 1577 ac
737 1516 867 1600 imperio
888 1517 1027 1601 pelleret.
1048 1520 1112 1580 imo
1130 1543 1200 1602 cap.
1310 1519 1326 1550 ⁸

123 1622 180 1683 17,
201 1610 360 1682 postquem
379 1598 462 1660 solus
484 1619 613 1679 regnare
639 1610 806 1682 coeperat,
826 1603 929 1662 auxilii
949 1617 1058 1662 contra
1078 1603 1199 1665 Tereos

118 1683 242 1765 petendi
265 1704 356 1744 causa
370 1683 452 1744 illam
464 1681 678 1762 protectionem
695 1685 857 1766 suscepisse
870 1685 984 1746 scribit.
1008 1685 1198 1747 Cantaense.

116 1787 177 1830 nus
190 1765 243 1833 lib.
257 1765 278 1844 d
291 1787 317 1830 c.
330 1766 369 1828 33
382 1763 479 1827 tradit
499 1763 669 1827 iohannem
677 1764 906 1850 Pslamlognm,
925 1789 1015 1848 quesn
1035 1769 1199 1832 candidum

117 1869 155 1910 ac
173 1849 341 1930 simplicem
371 1847 466 1926 dicit,
485 1867 504 1908 a
524 1846 706 1928 quibusdam
725 1848 831 1911 aulicis
851 1852 880 1910 ei
899 1850 1098 1912 familiaribus
1119 1854 1200 1913 exci-

117 1941 220 1994 tatum
239 1953 275 1994 ac
301 1931 458 1992 irritatum
479 1929 587 2006 suisse;
624 1929 732 2012 bisque
761 1931 934 1994 rationibus
961 1930 993 1994 iu
1021 1937 1201 1995 sententiam

118 2035 230 2076 eorum
265 2021 471 2096 pertractum,
501 2011 586 2094 quod
615 2011 731 2076 scilicet
750 2015 979 2076 Cantacuzenus
1009 2035 1058 2075 res
1078 2017 1199 2098 imperii
1311 2053 1323 2072 .

116 2096 206 2160 solus
227 2106 352 2178 gereret
371 2117 406 2158 ac
423 2093 650 2173 moderaretur,
666 2107 761 2158 totam
777 2100 944 2177 potentiam
964 2099 996 2157 in
1008 2118 1041 2158 se
1051 2099 1207 2177 traheret,

114 2179 343 2262 slestinmisqne
372 2177 412 2240 ad
435 2179 597 2260 imperium
629 2179 701 2239 liliis
728 2179 896 2242 iohannem
925 2179 1092 2261 legitimum
1112 2180 1202 2241 here.

118 2263 193 2324 dem
213 2261 369 2344 privatam
396 2281 486 2343 agere
513 2261 609 2331 vitam
637 2261 758 2324 artibus
788 2263 851 2324 suis
874 2271 1005 2345 cogeret.
1035 2263 1075 2322 nb
1093 2262 1202 2324 iisdem

117 2345 215 2408 etiarn
236 2346 445 2406 Cdntacuseno
466 2343 666 2408 obiiciebotur
686 2345 768 2428 quod
792 2346 915 2407 inermis
937 2345 1085 2406 lebannes
1104 2346 1226 2406 Tbew

115 2428 274 2495 solemma
304 2428 429 2490 relictus
457 2428 635 2489 Tuscorum
666 2430 893 2490 incursionibus
922 2430 1074 2509 expositus
1103 2441 1203 2507 esset,

113 2513 194 2575 dum
216 2512 371 2575 universas
391 2510 496 2592 copias
525 2521 633 2575 contra
653 2511 778 2575 Serviae
802 2511 922 2573 Cralem
943 2512 1070 2571 duxerat
1092 2514 1204 2580 Canta-

118 2616 266 2659 cuzeuus.
280 2594 330 2655 his
345 2593 449 2675 itaque
467 2604 624 2675 permotus
639 2593 838 2676 Palaeologus
850 2597 1018 2655 etiamnum
1028 2593 1206 2658 adolescens

116 2698 190 2741 eum
214 2698 328 2741 acuero
349 2674 515 2739 simultates
538 2676 667 2758 odisque
682 2677 800 2739 occulta
819 2698 961 2739 exercere
973 2678 1089 2759 coepit,
1102 2679 1205 2739 Tene-

114 2761 194 2823 dum
230 2760 367 2839 aufugit,
388 2758 508 2825 atinde
529 2760 588 2842 Cp·
618 2778 670 2841 spe
692 2759 834 2843 potiundi
854 2760 932 2821 urbe
950 2760 1059 2834 duetsss
1079 2762 1206 2821 reverti-

117 2855 182 2909 tur.
212 2864 325 2905 verum
358 2844 559 2903 Cantacuseni
587 2841 697 2920 factio,
733 2862 828 2923 epm,
857 2841 938 2924 apud
975 2842 1203 2904 multitudinem

114 2928 239 3009 gratia,
259 2936 353 3007 atque
377 2924 468 2987 etiam
500 2926 699 3007 imperatricis
731 2926 957 2988 Cantaesneoae
978 2924 1130 3005 diligentia
1145 2928 1205 3014 ‘lo-

115 3008 234 3073 bannis
261 3008 418 3071 molimina
453 3008 542 3069 irritu
564 3008 783 3084 reddiderunt,
802 3016 899 3091 utque
918 3007 1056 3068 &lanum
1075 3029 1108 3069 ae
1128 3011 1206 3069 mci-

112 3104 207 3176 peret
239 3091 415 3175 adegerunt.
442 3090 589 3168 tandem,
620 3110 692 3153 cum
712 3089 915 3173 Palaeologos
938 3110 1075 3151 socerum
1094 3092 1126 3149 in
1147 3092 1205 3151 im·

68 3172 73 3183 '
113 3176 282 3260 paratorio
302 3172 411 3236 sedere
427 3170 504 3235 solio
526 3172 640 3235 diutim
659 3174 742 3235 ferre
763 3195 826 3235 nnn
844 3182 959 3255 posset,
977 3172 1135 3234 Tenedum
1157 3194 1207 3236 re·
1223 3177 1297 3211 *-

116 3259 220 3342 petit‚
241 3256 295 3319 ubi
324 3274 487 3321 conscensa
517 3274 577 3315 nna
596 3254 705 3317 biremi
725 3255 847 3339 Cpclim
867 3266 973 3319 uectus
989 3256 1102 3317 urbem.
1117 3276 1207 3316 recn-
1323 3264 1327 3269 '

117 3352 227 3425 perat,
250 3340 402 3421 simulque
422 3339 650 3400 Cantucunenus
664 3339 761 3400 vitam
781 3338 978 3399 monasticam
1001 3338 1207 3420 amplectitur.
1296 3341 1301 3412 ἱ

119 3425 248 3488 nullum
278 3422 420 3505 equidem
453 3420 494 3485 de
519 3418 679 3483 Gntelusio
709 3420 838 3483 verbum
858 3420 933 3481 lacit
950 3421 1208 3498 Cantacuzenus,
1300 3457 1304 3467 ·

117 3506 265 3589 quamvis
295 3506 495 3567 certissimum
525 3504 564 3563 sit
585 3504 780 3565 Genuensem
806 3500 894 3565 illum
914 3506 1064 3585 egr-qiam
1081 3513 1210 3581 operam
1302 3519 1307 3566 l

118 3587 260 3652 Iohanni
280 3587 465 3668 Polaeologo
487 3584 817 3671 navavisse.„‹psodque
832 3585 1063 3658 &aaronem
1082 3584 1219 3646 Gotelu-,
1248 3579 1309 3674 ,ᾗ

87 3740 93 3756 ,
119 3672 159 3735 sii
178 3672 296 3731 lacinus
315 3672 464 3747 tacuerit,
492 3670 601 3737 merito
621 3670 653 3729 in
673 3664 877 3751 suspicionem
897 3672 982 3729 venit
1002 3668 1097 3727 multa
1117 3666 1210 3749 silen7
1304 3688 1308 3732 i

101 3759 169 3818 'tiu
187 3753 412 3829 transmisisse,
438 3758 517 3833 quae
544 3750 602 3831 ipsi
632 3751 765 3813 dedecus
791 3750 829 3812 ac
859 3750 959 3811 dimne
991 3747 1211 3810 detrimentum
1304 3749 1308 3790 f

100 3856 236 3901 'meere
256 3844 409 3915 poterant.
428 3835 469 3895 de
488 3834 658 3908 GntelusioJ
675 3838 800 3914 praeter
820 3846 959 3895 nostrum
970 3830 1097 3909 Ducam,
1117 3852 1211 3913 pras-
1306 3817 1319 3979 'q

121 3920 210 3981 clere
238 3918 394 3979 disserunt
418 3918 586 3979 Genucnsis
618 3916 772 3979 historiae
794 3916 976 3998 scriptores.
1018 3914 1211 3997 Augustinus

124 4003 314 4067 lustinisnus
340 4000 502 4081 episcopus
533 3998 693 4063 Nebiensis
722 4002 753 4061 in
777 3998 952 4061 Annalibus
967 3996 1071 4058 italice
1093 3998 1211 4079 scriptis
1314 3984 1321 4045 l

123 4086 167 4147 ad
188 4106 260 4151 ann.
287 4082 384 4147 1355:
405 4082 604 4167 l'imperatore
628 4083 663 4143 di
688 4082 777 4166 Cpoli
795 4081 948 4143 nominato
971 4080 1251 4151 Calo-Iohannem
1267 4048 1331 4212 ,ἢ

124 4190 184 4229 con
205 4168 323 4249 oggiuto
342 4166 378 4227 di
404 4168 572 4227 Franeeseo
596 4166 754 4225 Gattilsuio
777 4165 907 4225 Genoese
931 4164 1047 4225 scaccid
1074 4185 1135 4225 urso
1154 4185 1214 4225 nc-
1327 4215 1334 4242 ‚

126 4252 243 4315 minoto
264 4250 466 4329 Catacozim,
496 4251 548 4311 ebe
573 4250 618 4330 gli
639 4268 797 4335 occupans
823 4258 910 4330 parte
927 4245 999 4311 dest
1030 4247 1177 4333 mpcrsm
1196 4268 1216 4308 e
1297 4263 1338 4335 j
