3075 4825
408 362 492 482 372
750 391 889 460 onear
923 390 1115 457 msroms

406 546 521 611 mando
544 544 722 607 Andronico
743 566 800 608 oon
822 546 852 607 la
872 542 1017 627 mogliera
1035 556 1065 605 ct
1084 564 1141 606 eon
1162 544 1280 623 Zoannc
1295 566 1343 610 eno
1360 544 1438 631 picen·

404 630 438 691 lo
457 630 571 713 figliolo
585 628 779 707 alSilivcrin,
799 630 827 690 la
841 626 913 711 qua]
933 628 956 688 li
968 628 1070 705 dono3
1093 650 1213 711 apresso
1232 628 1254 691 li
1275 629 1346 693 dono
1360 632 1438 713 Degn·

403 734 500 789 nron,
528 710 698 790 Heracleo,
720 711 892 773 Rhodestnn
921 722 952 773 et
978 710 1123 773 Panidos.
1163 711 1304 775 Emnnucl
1326 710 1438 789 incoronir

404 794 597 858 echiamolo
620 794 662 855 im
703 795 805 856 rador.
848 795 894 856 Ad
915 794 1083 855 Francesco
1111 793 1268 873 Catulum,
1292 817 1341 857 suc
1356 795 1439 857 iidoet

404 900 476 940 caro
497 880 659 955 amico,e
692 878 784 961 quale
808 875 836 937 ei
858 887 962 939 nostro
991 896 1132 939 sermone
1148 876 1186 939 de
1204 898 1287 961 sopra
1307 878 1343 939 ha
1362 878 1439 939 deno·

408 972 513 1037 strato,
540 961 630 1021 diede
648 981 701 1021 soa
727 958 837 1021 sorella
856 981 916 1041 per
933 980 1022 1042 sposa
1042 972 1072 1020 ct
1091 958 1207 1022 l'insola
1229 964 1264 1023 de
1282 960 1400 1023 Meteliao
1416 959 1438 1019 in

403 1044 490 1108 dota.
530 1042 570 1105 ΕΙ
590 1040 682 1125 quale
702 1043 782 1105 facte
802 1040 831 1101 le
850 1064 944 1121 noae,
966 1062 1023 1103 con
1043 1042 1074 1103 la
1093 1062 1148 1103 sua
1168 1042 1247 1105 dona
1265 1044 1337 1106 endo
1353 1042 1384 1103 ad
1399 1041 1438 1101 he·

402 1127 488 1189 bitar
509 1126 540 1186 in
561 1124 682 1187 l’insnia
697 1125 736 1187 dc
759 1124 872 1201 Lesbo,
894 1125 973 1187 dove
994 1124 1152 1207 signorezo
1182 1138 1260 1189 tutta
1276 1125 1304 1186 la
1323 1146 1370 1187 sna
1384 1122 1436 1197 rita,

402 1219 435 1272 et
461 1210 544 1289 dopo
576 1208 608 1269 la
635 1220 733 1271 morte
758 1228 893 1269 successe
918 1208 948 1271 la
976 1229 1032 1269 saa
1059 1206 1170 1291 prole,
1190 1208 1221 1271 le
1301 1206 1326 1269 le
1343 1205 1436 1268 domim

402 1294 464 1354 fine
484 1293 532 1353 ala
554 1292 676 1373 perdite
696 1292 735 1353 de
756 1288 916 1369 Miteiino,
947 1290 1036 1353 molti
1061 1295 1134 1351 anni
1154 1230 1437 1375 dopoiiaexctdioa

402 1372 679 1457 Constantinopoli.
727 1375 790 1435 Per
815 1372 912 1435 hever
946 1384 1150 1435 rememorate
1180 1373 1209 1437 le
1237 1368 1438 1435 adversitedede

399 1460 527 1520 Zuanne
547 1458 751 1519 Cathaousino
773 1478 831 1517 con
852 1462 941 1517 Anna
965 1456 1157 1539 imperatrice
1179 1459 1367 1519 econvennto
1383 1448 1435 1513 ch'ei

398 1552 505 1603 nostro
535 1561 676 1602 sermone
704 1543 747 1601 sia
776 1550 901 1601 tornato
923 1539 1043 1601 edietro
1064 1539 1104 1600 da
1124 1540 1278 1603 Paiasithe
1298 1539 1384 1601 aleno
1398 1552 1437 1595 ara

399 1625 537 1685 Orchao.
589 1622 706 1685 Oraal
738 1621 821 1699 loco,
848 1622 927 1683 onde
954 1624 1086 1683 havemo
1119 1621 1202 1685 sacta
1232 1623 1262 1684 la
1279 1620 1437 1704 digressione,

399 1708 513 1768 tornati
548 1709 780 1768 continuarcmo
812 1704 967 1767 narrando
993 1703 1016 1765 ti
1036 1708 1166 1767 successi
1187 1704 1226 1768 de
1246 1702 1361 1766 Pairsith
1378 1710 1403 1761 et
1417 1697 1438 1758 di
1480 1774 1481 1785 ἵ

400 1790 505 1851 miseri
526 1790 618 1851 Greci
646 1788 669 1849 li
691 1790 780 1871 gravi
809 1788 976 1850 infortunii.
1020 1786 1184 1850 flabiando
1207 1788 1332 1850 Peiaeith
1348 1782 1437 1845 dessarti

400 1872 488 1935 molti
506 1871 683 1955 principati,
706 1870 764 1931 che
786 1891 879 1932 erano
901 1871 932 1931 in
952 1870 983 1931 la
1003 1882 1084 1933 terra
1105 1872 1259 1950 Asiatica,
1282 1874 1311 1932 in
1330 1864 1437 1947 Bithynis

358 1962 433 2029 tpet
453 1958 484 2016 in
504 1957 620 2039 Frigia,
642 1958 674 2015 in
697 1955 795 2036 Mysia
816 1964 846 2014 et
866 1955 897 2015 in
919 1953 1021 2031 Caria,
1044 1955 1190 2017 comensis
1211 1955 1346 2016 adirircr
1360 1948 1438 2011 l'ochir
1480 1998 1481 2035 ,

399 2039 479 2100 etia
507 2048 610 2099 mente
644 2040 703 2101 soa'
717 2057 808 2098 verso
829 2038 860 2096 la
887 2036 964 2113 cita,
989 2048 1019 2098 ct
1037 2037 1211 2099 mandando
1233 2032 1399 2099 ambaxadori
1412 2024 1437 2088 κί’
1480 2050 1481 2095 1

397 2122 590 2204 imperadorc
606 2112 667 2263 per
679 2121 710 2181 la
728 2119 830 2201 prima
845 2120 993 2181 rechicsta
1006 2118 1032 2181 li
1043 2118 1203 2181 domandis
1223 2120 1277 2183 che
1295 2119 1313 2181 li
1323 2114 1437 2179 mendose

396 2227 460 2267 uno
475 2206 506 2266 di
521 2206 564 2266 soi
575 2205 614 2263 fio
629 2204 659 2280 i,
676 2200 808 2285 elquale
820 2224 877 2263 con
888 2204 897 2262 i
908 2202 953 2263 soi
967 2204 1099 2264 stratioti
1114 2202 1241 2265 havesse
1256 2202 1381 2263 exercitae
1391 2196 1436 2286 l'tfj

397 2301 427 2351 te
443 2288 585 2354 militare.
602 2285 832 2368 L'imperadore
849 2284 1078 2368 consyderaudo
1092 2286 1152 2349 che
1165 2308 1217 2349 era
1228 2281 1436 2359 lontanodaegnt

394 2372 542 2454 presidio,
563 2381 595 2432 et
618 2369 696 2431 ch'el
716 2389 778 2430 non
798 2368 895 2431 linvea
917 2370 1027 2431 alcano
1047 2371 1233 2452 signore'ne
1250 2368 1348 2430 alcuna
1364 2366 1437 2444 signo·
1480 2423 1481 2444 χ

394 2457 442 2515 ria
460 2463 588 2536 potente
607 2455 639 2512 in
659 2473 716 2514 suo
740 2453 889 2530 aiutorio,
909 2463 939 2514 et
958 2451 1016 2514 che
1038 2453 1067 2514 le
1086 2473 1144 2515 sue
1163 2453 1243 2515 forne
1262 2473 1329 2514 eran
1347 2441 1435 2538 debdtg

395 2537 533 2597 consenti
563 2535 713 2596 mandarit
741 2535 893 2596 Emanuel
925 2556 981 2596 suo
1009 2535 1124 2596 filiolo
1150 2559 1209 2598 con
1241 2545 1325 2597 centn
1343 2528 1437 2592 antici
1480 2539 1481 2568 ³

396 2618 510 2680 Greobi
536 2617 584 2680 ela
605 2639 714 2698 guerra
729 2629 836 2677 contra
857 2618 868 2676 i
890 2617 1005 2680 Tarchi
1026 2557 1064 2679 ie
1084 2619 1265 2702 Pamphilio.
1279 2637 1324 2677 rna
1343 2605 1437 2674 Patare
1480 2623 1481 2702 t

394 2700 529 2762 secundo
553 2700 582 2761 el
603 2722 659 2762 suo
687 2712 830 2761 consueto
862 2704 932 2782 ogni
952 2722 1031 2760 anno
1050 2701 1208 2783 impedire
1228 2701 1257 2762 la
1274 2695 1438 2782 exportatione
1480 2723 1481 2778 }

394 2782 429 2844 di
444 2782 593 2846 frumenti
612 2783 654 2844 da
672 2784 747 2846 Asia
769 2781 819 2844 ale
837 2783 950 2861 insole,
972 2784 1079 2860 Lesbo,
1100 2785 1197 2858 Chio,
1221 2785 1343 2858 Limne,
1359 2772 1437 2838 modo
1480 2779 1481 2868 i

395 2877 427 2928 et
449 2865 526 2929 altre
549 2864 666 2940 imole3
698 2878 730 2928 ct
751 2868 784 2926 in
806 2863 879 2950 quel
898 2877 1002 2949 tempo
1020 2866 1118 2927 hoves
1139 2877 1303 2951 preparato
1321 2863 1370 2925 Lx
1385 2867 1438 2946 aar}
1480 2881 1481 2946 ]

393 2947 508 3032 longhe
531 2961 642 3012 contre
659 2946 691 3010 la
712 2947 814 3010 insula
839 2949 877 3009 de
889 2948 977 3020 Chio,
1001 2958 1031 3010 et
1049 2949 1149 3012 bruris
1169 2950 1201 3012 la
1220 2950 1277 3012 cita
1295 2956 1324 3009 et
1340 2945 1358 3006 li
1374 2935 1437 3002 ensal!

393 3032 451 3093 che
471 3054 568 3094 erano
587 3031 718 3112 incirce,
737 3030 767 3093 le
788 3029 887 3093 imulc
906 3031 945 3092 de
965 3030 1069 3114 l’Eg'co
1090 3033 1222 3118 pelago,
1244 3033 1332 3114 Nigro
1382 3024 1437 3084 teti
1480 3051 1481 3102 i

393 3111 505 3176 alcuoc
526 3127 615 3197 parte
643 3112 725 3177 della
751 3126 841 3176 terra
862 3113 982 3180 Athiea.
1024 3115 1073 3175 Lu
1093 3115 1271 3198 imperador
1289 3045 1436 3174 ,gata
1480 3137 1481 3220 p

392 3197 508 3278 grande
534 3198 677 3281 superbia
707 3197 757 3260 dcl
783 3209 938 3280 tyranno,
970 3197 1108 3259 comiaco
1140 3199 1181 3260 ad
1202 3199 1335 3261 edificare
1353 3193 1379 3252 in
1396 3201 1436 3245 Μ
1480 3269 1481 3274 ¹

392 3291 484 3360 parte
514 3279 585 3341 dela
612 3281 672 3342 cita
691 3301 711 3342 a
732 3281 762 3341 la
795 3289 887 3362 porte
907 3281 1058 3342 chismate
1080 3280 1225 3360 Chr-ieie,
1247 3292 1277 3342 et
1294 3279 1331 3340 he
1346 3273 1367 3338 lt
1382 3271 1437 3332 ΜΟ
1480 3287 1481 3352 ξ

392 3361 441 3423 ser
460 3360 512 3423 dni
532 3373 638 3441 torre,
658 3383 721 3423 ann
740 3363 811 3425 dala
834 3363 937 3425 dextra
963 3372 996 3424 et
1014 3360 1113 3424 l’aitra
1135 3361 1207 3426 dala
1229 3363 1343 3425 sinistre
1428 3389 1434 3440 ς
1480 3365 1481 3438 ᾗ

393 3455 424 3505 et
444 3455 524 3506 tutte
544 3443 603 3507 doe
622 3445 663 3506 de
681 3444 770 3527 politi
794 3444 941 3508 marmori
963 3445 1104 3520 bianchi3
1126 3445 1150 3508 li
1172 3445 1257 3532 quali
1279 3465 1336 3506 non
1365 3449 1435 3499 ⁰ffl²¹

392 3527 524 3589 lavorati
554 3549 610 3610 per
636 3527 740 3612 quella
768 3549 863 3610 opera
883 3527 921 3590 nc
948 3527 1044 3590 anche
1068 3527 1138 3590 dela
1160 3528 1293 3613 pecnnia
1312 3525 1347 3588 de
1365 3513 1436 3617 puelle
1480 3531 1481 3590 ξ

390 3610 613 3692 imperadore,
639 3633 689 3672 ma
719 3611 832 3673 sorano
865 3611 992 3672 lavorati
1015 3622 1045 3672 et
1066 3611 1214 3676 fabricati
1235 3611 1283 3674 nel
1303 3619 1396 3688 tmpw
1410 3597 1436 3656 di

392 3693 484 3776 Ogna
511 3692 635 3770 Sancti,
659 3693 802 3756 edificate
819 3691 870 3755 *dn
894 3695 985 3756 Chier
1004 3693 1088 3755 Leon
1113 3695 1228 3778 Sopho
1247 3711 1348 3776 magno
1366 3688 1437 3762 impe·
1480 3687 1481 3728 ἶ

391 3776 508 3856 rador,
528 3787 560 3838 et
580 3777 632 3839 nel
651 3779 767 3860 tempio
783 3776 822 3838 de
842 3779 944 3840 Sancti
966 3779 1127 3855 Quarantn
1148 3777 1288 3840 edificata
1308 3771 1352 3836 del
1367 3771 1436 3858 tmpe-
1480 3781 1481 3814 i

349 3865 384 3936 48
392 3858 485 3932 rader
506 3861 668 3936 Mauritio,
689 3870 720 3920 et
742 3857 792 3920 nel
810 3861 926 3943 tempio
945 3860 984 3920 de
1001 3859 1116 3922 Sancto
1138 3861 1249 3934 Motio,
1269 3859 1296 3921 cl
1316 3851 1377 4001 pul
1389 3845 1436 3938 θὼζ

390 3940 450 4003 fico
478 3944 677 4005 Constantino
705 3963 816 4024 magno
843 3941 1047 4024 imperadorc.
1099 3944 1212 4022 Qacsti
1240 3953 1339 4023 tempi
1356 3935 1436 3995 ⁵³ffl¹¹
1480 3959 1481 3978 ¹

389 4021 511 4086 Znanni
525 4024 688 4107 Paleologo
706 4025 770 4085 fece
789 4025 918 4098 desiere,
941 4035 971 4084 et
991 4024 1013 4084 ti
1034 4025 1187 4090 marmori
1204 4037 1324 4088 mettere
1341 4014 1436 4080 inultm
1480 4023 1481 4096 ξ

390 4123 484 4185 opere
494 4109 578 4169 forse
587 4129 648 4170 non
663 4119 747 4192 grate
757 4105 940 4168 nl'altissimo
955 4107 1016 4182 dio,
1031 4105 1070 4170 ne
1083 4109 1185 4172 anche
1199 4106 1323 4172 fonscali
1333 4097 1435 4162 condito·
1480 4105 1481 4194 p

390 4188 470 4250 ride
484 4189 580 4271 quelli
596 4190 711 4272 templi.
736 4191 876 4272 Compita
896 4189 1041 4272 adunque
1053 4201 1162 4274 questa
1181 4213 1274 4275 opere
1292 4195 1435 4250 marnam,
1480 4195 1481 4222 ¹

389 4263 422 4331 la
443 4270 516 4354 quai
536 4273 729 4357 principiave
750 4273 819 4335 dola
842 4273 1065 4356 portaChrisie
1084 4285 1116 4337 ct
1135 4275 1254 4338 dareve
1275 4263 1370 4363 fineel
1387 4275 1435 4323 w
1480 4247 1481 4286 ¹
