3075 4825
269 350 274 369 s
335 285 419 372 660
773 314 986 383 amum
1044 305 1049 311 ·

330 467 468 550 taphium
489 465 719 530 characteribus
734 467 876 532 Gothicis
894 464 1082 550 insculptum
1099 463 1229 549 lagitnrr
1249 469 1277 548 †
1297 465 1417 530 snas·

329 573 436 613 canon
452 571 612 614 uacnrrrct
630 572 741 614 nouam
753 551 895 616 Putaram
911 573 950 612 na
960 553 1098 627 Aaross,
1113 552 1247 612 Courrm
1262 571 1302 612 na
1312 551 1365 612 Eo
1379 571 1417 612 ιτ

329 635 599 696 Cottasranratann
612 635 780 713 Faarctas,
802 657 859 712 out
872 654 956 698 ostar
970 654 1001 695 nt
1011 635 1162 696 Mrcmcr
1175 655 1416 696 ucoeammt

329 737 382 778 nra
403 737 445 777 xv
475 717 569 778 Iurat.
590 738 620 778 nt
640 710 660 803 ξ
687 737 738 779 ssu
761 739 860 780 osana
880 738 960 779 sua:
989 737 1090 778 artua
1108 737 1201 779 coros
1220 737 1418 790 aequamen

330 821 363 860 nt
383 819 466 860 raca.
490 797 584 861 hocce
604 801 790 884 epitaphium
807 821 880 862 cmx
902 801 935 861 ia
954 798 1057 862 medin
1075 799 1172 880 posita
1190 800 1222 860 in
1242 799 1322 860 duas
1343 821 1420 880 paru

330 892 377 942 tes
396 879 517 942 dividit.
538 880 578 942 ad
599 880 677 948 latus
698 882 829 966 insignia
854 881 1003 966 gentilitia
1022 881 1194 957 Franciae,
1217 880 1320 963 qualia
1340 891 1420 942 tunc

329 963 487 1026 indefinito
508 963 641 1026 liliorum
662 987 795 1034 numero
822 965 1017 1041 constabant,
1040 965 1146 1028 addita
1166 965 1303 1026 Ananiae
1324 965 1419 1024 fami.

329 1047 387 1108 liae
414 1045 564 1128 peculiari
593 1049 719 1113 trifidae
752 1047 880 1112 laciniae
909 1051 941 1110 in
967 1049 1048 1110 scuti
1068 1047 1170 1110 fronte
1197 1046 1419 1122 distinctione,

328 1141 512 1194 cernuntur.
536 1131 667 1196 Micalici
691 1153 746 1194 seu
766 1131 920 1194 Michaliai
941 1131 1015 1192 urbs
1035 1141 1066 1191 ct
1085 1131 1170 1212 regio
1191 1139 1239 1190 est
1261 1151 1327 1190 non
1349 1129 1420 1211 plus

330 1213 436 1274 decem
456 1210 637 1276 milliaribus
658 1215 773 1278 distem
794 1236 811 1276 a
833 1213 1046 1296 lacuLopadio
1067 1213 1263 1294 eiusdemque
1283 1214 1423 1274 nominis
1501 1223 1503 1239 '

329 1297 418 1372 urbe,
453 1317 544 1378 quam
573 1295 667 1360 hodia
694 1299 802 1360 Graeci
827 1295 965 1379 Lupadi,
988 1297 1083 1358 Tusci
1101 1296 1222 1356 Ulubat
1243 1294 1419 1376 appellant.

330 1380 448 1440 Burusa
481 1381 574 1440 etiam
601 1379 687 1443 bidui
714 1383 822 1442 itinere
855 1383 949 1443 abest.
990 1380 1142 1440 Laomcus
1161 1377 1217 1442 lib.
1236 1375 1260 1456 4
1282 1381 1422 1460 regionis

330 1460 512 1539 Michaliaii,
533 1473 564 1522 et
586 1461 790 1526 Leuneluvius
809 1463 878 1526 bist.
899 1460 1043 1525 Musulm.
1064 1461 1143 1524 libb.
1163 1460 1184 1540 4
1203 1471 1234 1521 et
1250 1461 1300 1537 13,
1326 1475 1423 1545 atque

332 1544 363 1606 in
382 1544 546 1606 Pandectis
565 1563 630 1628 cap.
649 1547 712 1624 86,
736 1549 952 1609 meminerunt.
974 1547 1007 1606 in
1026 1545 1079 1606 illo
1095 1543 1254 1628 epitaphio
1272 1545 1356 1627 quid
1377 1546 1421 1608 si-

330 1627 452 1710 gnificet
472 1628 546 1689 illud
566 1623 587 1712 ἕ
609 1629 733 1713 adsequi
760 1630 907 1694 hedenus
925 1650 987 1690 non
1008 1628 1103 1710 potui.

413 1707 451 1775 Ρ.
474 1709 533 1785 53,
556 1716 588 1776 3.
629 1715 672 1774 Ca
695 1755 705 1774 .
725 1711 774 1791 ati.
831 1706 1007 1795 φυσιωθείς
1025 1701 1095 1793 οὖν]
1138 1707 1350 1773 Lcunctavius
1369 1710 1423 1772 lib.
1501 1724 1503 1733 '

330 1790 353 1854 6
380 1789 462 1854 idem
484 1794 607 1867 scribit,
628 1735 859 1860 caduceatorem
872 1795 1026 1857 sciliceta
1050 1795 1182 1856 Baiazite
1202 1793 1347 1872 missam,
1368 1798 1424 1877 qui

330 1872 451 1958 Cpolim
469 1875 528 1938 sibi
548 1877 619 1940 dedi
639 1877 875 1963 Manualenrque
895 1900 931 1941 ea
951 1875 1094 1938 decedere
1107 1877 1235 1940 iuberet.

412 1957 453 2020 P.
481 1957 530 2037 53,
555 1961 584 2027 5.
627 1959 728 2042 ζητῶν
746 1955 802 2042 τήν
821 1959 929 2044 πόλιν]
970 1961 1112 2024 Baiaaites
1134 1957 1247 2041 Cpolin
1267 1958 1331 2020 sabi
1351 1959 1423 2022 dedi

308 2057 312 2070 ·
332 2037 497 2106 insolenter
516 2042 653 2124 postulat
681 2066 712 2107 e.
735 2045 808 2106 Chr.
835 2045 932 2128 1393,
960 2041 1042 2104 iuxta
1063 2043 1193 2104 Annales
1211 2041 1312 2102 Ture.

414 2123 455 2185 P.
466 2124 514 2201 53,
528 2123 572 2190 18.
598 2120 616 2185 ti
629 2123 690 2207 πρὸ
706 2127 825 2206 μικροῦ
835 2119 984 2206 λαληθεὶς
1000 2122 1208 2207 Ἀνδρόνικος]
1223 2123 1422 2186 Delobanne

331 2205 505 2270 Andronici
515 2209 662 2270 excaecati
674 2207 739 2270 filio
754 2213 785 2270 in
797 2209 957 2291 imperium
967 2230 986 2269 a
996 2208 1128 2270 Baieaite
1136 2208 1309 2270 constituto
1318 2209 1421 2268 Duces

333 2313 352 2351 a
373 2289 512 2352 Phranze
532 2291 664 2353 multum
693 2292 853 2374 discrepat
875 2291 928 2354 hic
946 2311 1077 2372 namque
1095 2289 1153 2352 lib.
1181 2310 1195 2352 a
1218 2312 1288 2372 cap.
1310 2311 1355 2352 ao
1375 2295 1421 2352 lo-

331 2373 466 2435 hannem
494 2393 513 2435 a
540 2386 647 2457 patruo
673 2395 730 2437 suo
754 2373 897 2438 Manuale
929 2376 960 2435 in
985 2373 1105 2437 ltaliam
1132 2371 1311 2437 discedente
1332 2373 1422 2435 νώω

332 2456 465 2537 Cpoleos
494 2456 739 2522 administrandis
765 2459 952 2542 praefectum
974 2458 1063 2519 luisse
1081 2456 1192 2532 reiert,
1215 2477 1282 2519 non
1304 2476 1384 2519 vero
1402 2478 1421 2517 a

332 2540 464 2600 Baiazite
487 2538 616 2601 Sultano
638 2544 670 2603 in
692 2541 801 2605 solium
822 2540 1052 2623 imperatorium
1066 2539 1260 2610 collocatum.
1302 2540 1420 2603 tami.

332 2642 388 2683 cus
409 2620 513 2682 omnia
534 2623 658 2685 confuse
680 2624 732 2685 lib.
760 2646 779 2687 a
804 2624 958 2690 describit.

415 2704 455 2771 P.
463 2703 513 2781 56,
523 2704 552 2765 6.
564 2700 651 2767 ἔπλει
663 2706 709 2778 εἰς
717 2706 879 2791 Berosaba]
890 2704 1035 2769 Nicolaus
1041 2706 1188 2768 Dolionus
1197 2704 1420 2778 HistVenetae

334 2786 433 2849 libo
466 2788 572 2849 scribit
604 2788 804 2852 Emanuelem
838 2793 1051 2873 imperatorem
1075 2810 1157 2851 anno
1189 2788 1304 2850 Christi
1345 2788 1421 2870 1595

334 2868 425 2953 Cpoli
445 2868 624 2949 discessisse,
646 2872 850 2957 venetiasque
864 2872 1024 2959 appulsum
1042 2870 1213 2934 inGalliam
1224 2870 1299 2932 inde
1320 2879 1424 2932 ῑηω·

236 2960 263 3017 P.
273 2958 325 3013 ato
334 2955 422 3029 iisset
459 2962 495 3012 ut
527 2954 672 3016 adversus
705 2958 897 3040 ingruentem
934 2952 1122 3039 singulisque
1156 2954 1267 3016 diebus
1295 2966 1422 3015 aomar

332 3037 510 3099 Tuscorum
535 3041 706 3117 potentiam
727 3061 815 3123 opem
841 3052 872 3101 et
892 3040 1048 3121 suppetias
1068 3042 1259 3120 impetraret.
1302 3036 1423 3097 loban-

333 3142 388 3183 nes
410 3116 712 3184 luv'eualisUrsinius
731 3123 892 3187 adnotavit
911 3120 1085 3183 Manualem
1103 3142 1185 3181 anno
1209 3119 1334 3180 Christi
1348 3118 1424 3196 riou
1501 3195 1503 3198 Ι

332 3202 466 3267 Parisios
483 3202 618 3281 veniss'e3
640 3226 722 3267 anno
739 3206 863 3269 demum
888 3206 962 3283 idos
983 3203 1022 3265 ab
1042 3200 1112 3265 aula
1125 3204 1204 3286 regis
1218 3201 1424 3263 Christianis·

332 3288 401 3349 simi
433 3294 500 3364 post
530 3284 689 3347 biennium
723 3310 794 3351 cum
831 3290 904 3351 anni
947 3286 1070 3349 semisse
1096 3290 1130 3347 in
1161 3307 1196 3348 ea
1227 3296 1422 3346 umsactum

332 3366 508 3433 discessisse.
567 3368 755 3451 Augustinus
789 3372 977 3435 lastinianus
1006 3372 1038 3432 in
1067 3368 1241 3431 Annalibus
1272 3371 1424 3429 Gmnen-

333 3455 415 3515 sibus
437 3448 531 3510 tradit
559 3451 659 3534 ipsum
686 3456 826 3519 Genuam
857 3455 1014 3518 advenisse
1038 3452 1174 3515 Ianuarii
1199 3451 1252 3513 die
1273 3472 1316 3513 aa
1338 3472 1424 3511 anno

339 3558 349 3599 t
376 3540 423 3601 03.

354 3539 376 3617 4
415 3618 455 3681 Ρ.
479 3612 531 3690 56,
557 3614 602 3679 13.
634 3615 679 3689 εἰς
697 3615 882 3702 Μεθώνην]
917 3618 1005 3684 Urbs
1023 3616 1226 3698 Peloponnesi
1248 3610 1420 3684 Methone,

333 3727 414 3789 quac
434 3695 524 3763 hodie
539 3694 656 3761 Modon
674 3702 855 3786 appellatur,
874 3705 907 3764 in
918 3705 987 3763 sinu
1005 3702 1200 3778 Messeniaco,
1212 3697 1309 3781 vulgo
1327 3694 1422 3775 Goffc

333 3794 370 3854 dt
384 3788 491 3850 Ceron.

419 3870 457 3933 P·
531 3882 577 3940 ,Ι
584 3886 611 3947 7·
655 3873 729 3953 Cap.
756 3870 800 3931 15.
842 3867 1043 3930 Leunclavius
1066 3862 1161 3925 libii
1192 3862 1290 3925 tradit
1316 3860 1421 3923 casim

334 3979 387 4019 seu
412 3950 518 4015 Cadim
553 3947 591 4009 ab
619 3956 805 4038 imperatore
832 3952 999 4033 Byzantino
1023 3948 1111 4032 Cpoli
1138 3945 1307 4009 admissum
1336 3964 1422 4005 aneso

336 4042 466 4124 Hegirae
498 4030 574 4111 795,
598 4040 650 4122 qui
671 4039 729 4100 fuit
752 4034 866 4096 Christi
890 4034 976 4117 1395.
1411 4107 1418 4120 ο

420 4122 457 4183 Ρ.
481 4116 529 4195 57,
550 4112 582 4188 4.
604 4118 770 4203 στρουθῶν
798 4112 1020 4196 astatium]
1085 4112 1230 4174 Passeres
1251 4130 1312 4192 pro
1333 4128 1420 4169 omna

335 4226 447 4295 genere
465 4199 569 4260 avium
591 4212 642 4273 bic
668 4210 840 4269 sumuntur.
868 4222 885 4261 e
914 4219 986 4259 rure
1017 4207 1118 4257 tamen
1141 4198 1275 4277 petitum
1295 4191 1420 4254 schema
