3075 4825
410 964 706 1035 BULLIALDI
748 964 1027 1035 EPISTOLA.

628 1132 837 1143 ’,ιο-..ψ

447 1258 683 1303 latttttttrrsettto
707 1262 742 1299 dt:
766 1260 995 1301 tumulabitur

510 1424 924 1521 IULIO

474 1630 505 1691 S.
535 1630 574 1691 ll.
607 1628 645 1690 li.
675 1626 964 1689 cluutuatt

345 1778 1097 1893 menterno

623 2026 694 2035 ..u--
705 2026 807 2036 --οο--ᾳ

179 2201 251 2308 Ad
275 2251 326 2316 te,
351 2239 540 2301 Canurrrnrr
561 2238 826 2315 Eurrnarrerrua,
846 2240 907 2301 boe
920 2241 1026 2302 Durae
1043 2260 1119 2323 opus
1137 2237 1264 2301 biatori·

179 2383 251 2424 enm
273 2362 431 2448 animique
449 2362 509 2424 mei
531 2362 563 2426 iu
583 2360 704 2426 edendo
725 2362 780 2426 illo
799 2360 1053 2446 qnelemonmque
1074 2363 1171 2426 fetum
1189 2360 1265 2426 alle

180 2499 239 2557 πη
260 2479 344 2564 apud
368 2501 460 2564 quem
481 2481 575 2542 Muris
592 2499 760 2564 earumque
780 2479 890 2564 myrtis
912 2481 1042 2542 amioum
1062 2478 1191 2542 teneliua
1211 2478 1264 2544 ille

180 2607 213 2658 et
232 2597 372 2660 infirmus
402 2599 518 2660 felicior
538 2597 710 2662 adolescere
727 2609 758 2660 et
786 2596 899 2660 virium
918 2597 1142 2658 iurrernentum
1165 2597 1264 2659 ouaei.

180 2734 254 2794 pere
273 2717 389 2798 poerit,
421 2715 532 2798 quibua
550 2716 674 2778 iniuriae
695 2716 932 2798 invidorumque
951 2715 1116 2778 calumniae
1135 2715 1263 2798 propel-

180 2828 248 2894 lere
271 2843 370 2915 queat
420 2832 515 2894 Aliud
547 2833 690 2917 equidem
719 2833 813 2895 tutiue
847 2833 1044 2917 nobiliusque
1061 2833 1263 2915 patrocinium

181 2949 292 3032 eligere
321 2973 385 3012 non
406 2950 522 3030 babui3
554 2961 586 3012 et
606 2951 727 3033 genium
748 2954 808 3012 inm
831 2951 944 3012 babere
968 2949 1047 3012 liber
1066 2951 1263 3032 victuruaque

180 3065 258 3128 mihi
290 3067 439 3144 videtur,
472 3069 555 3151 quod
587 3067 742 3130 clientelae
772 3079 844 3129 tuae
871 3065 1112 3145 recrediderit,
1132 3065 1260 3147 Tuque,

181 3181 369 3248 Cannrurura
400 3184 664 3256 Eurrmmsrrm,
695 3207 765 3245 eum
785 3183 954 3245 admireris.
999 3183 1189 3265 lnacriptum
1208 3203 1261 3244 ee-

180 3297 380 3362 leberrimum
393 3321 504 3360 nornen
518 3311 615 3374 tuum,
641 3321 698 3360 eeu
712 3310 923 3361 oruamentum
943 3300 1090 3382 dignitate
1104 3321 1140 3360 ae
1160 3299 1263 3381 splen·

181 3415 260 3477 dore
278 3417 500 3500 conspicuum,
529 3418 559 3478 iu
592 3417 693 3476 fronte
714 3437 783 3477 cum
807 3425 923 3499 gestet,
943 3415 1089 3499 quodque
1109 3419 1191 3478 inter
1212 3435 1262 3474 ee·

182 3541 268 3594 terna
288 3531 382 3595 librae
401 3532 648 3594 adnumerandus
667 3533 761 3592 etium
784 3535 834 3608 rit,
857 3533 966 3614 quibus
987 3535 1102 3593 artium
1122 3503 1286 3594 seientia-⁹

180 3669 314 3732 rumque
333 3650 468 3710 omnium
485 3647 647 3722 officinam,
672 3647 891 3708 bibliothecam
911 3659 996 3709 tuam
1017 3647 1264 3730 superbissimum

182 3787 217 3826 ac
239 3765 561 3850 magnilioeutiseiuaam
592 3767 698 3846 ψυχῆς
722 3761 862 3847 ἰατρεῖον
880 3787 1027 3842 exornes,
1050 3784 1194 3845 maguum
1214 3767 1263 3826 iu·

179 3881 221 3944 de
252 3883 348 3948 demta
376 3885 435 3966 ipri
462 3905 659 3949 merorum
693 3903 794 3966 spero.
848 3881 969 3942 Nomen
997 3879 1150 3954 unctoria,
1179 3883 1267 3946 cuiue

181 3998 314 4062 maiorer
338 4002 474 4084 Byzantii
496 3997 577 4062 olim
595 4009 782 4080 regnarunt,
816 3998 856 4058 ab
873 3997 1027 4058 oblivione
1047 3997 1265 4079 vindicabitur,

182 4115 362 4199 inscriptum
376 4116 418 4177 illi
432 4113 633 4177 bibliothecae
644 4112 845 4192 amplitudine
864 4133 918 4173 aun
940 4115 1042 4176 omnia
1060 4116 1266 4198 oompleeteu-

183 4232 209 4293 ti
218 4277 233 4326 ,Ι
252 4231 340 4296 cuine
371 4241 524 4294 atruetura
552 4231 651 4292 lamro
681 4239 754 4292 tuna
773 4230 969 4312 perpetuitati
992 4232 1024 4292 in
1044 4251 1136 4292 omne
1157 4250 1267 4292 aerum
