3075 4825
275 418 435 487 proice
462 420 712 487 imorem
747 419 936 487 memo.
1062 392 1144 499 dir

74 584 171 657 quate
189 582 298 658 pario?
318 577 486 658 portitore,
522 596 555 637 oo
586 576 710 639 voletee
741 597 775 637 oe
794 596 855 651 oo,
881 578 913 637 lo
930 584 1037 658 presio
1056 550 1151 639 verio-

58 660 115 737 ri.
166 661 282 740 Quosne
311 669 449 741 resposta
477 657 507 721 el
526 658 628 721 duehe
655 658 693 721 de
712 657 870 721 Salonichi
890 662 1006 741 roripoe
1025 658 1084 721 olla
1101 660 1152 721 si·

73 744 171 823 gnorio
203 762 262 825 per
297 742 325 803 le
351 740 430 825 gallo
458 740 538 803 delle
565 742 703 826 guardia.
744 745 849 805 Mem
867 743 899 802 in
919 742 1027 825 qnesto
1046 764 1154 823 mezo,

72 825 267 887 eomiozondo
298 822 327 886 le
358 827 548 906 prinevere,
581 824 662 971 poni
688 826 728 887 da
753 826 979 907 Andrinopoli,
1001 836 1031 886 et
1055 846 1155 888 reone

75 907 130 969 elle
150 908 251 971 Seres.
293 910 336 971 Et
368 918 553 993 congregato
593 930 614 970 u
635 911 765 971 exercito
784 907 865 972 della
885 909 1059 988 Romania,
1080 914 1157 971 eori-

72 1011 122 1071 pse
146 1014 163 1051 a
184 992 319 1053 camora
350 989 408 1053 ohe
428 1012 484 1052 oon
507 990 538 1054 lo
559 994 691 1054 exercito
713 989 793 1054 dello
812 992 880 1054 an
898 1010 1031 1073 poenam
1053 992 1081 1052 el
1103 1015 1156 1053 co·
1274 1057 1277 1063 ,

72 1072 136 1135 nale
157 1084 189 1137 et
208 1076 328 1136 venisse
348 1076 381 1137 in
408 1073 562 1142 Thetelio.
603 1074 644 1137 El
669 1076 748 1137 uniti
769 1076 868 1160 quenti
889 1074 941 1136 doi
961 1076 1086 1137 exerciti
1108 1079 1157 1136 in-

72 1176 167 1235 seme,
188 1155 212 1219 li
235 1156 349 1219 mando
368 1156 567 1221 nSolonichi.
607 1160 643 1221 ln
669 1168 777 1242 questo
797 1179 882 1220 mezo
905 1160 1008 1219 Monet
1031 1157 1157 1219 demoto

73 1238 128 1301 olle
154 1240 263 1319 Seres,
294 1240 468 1323 degendoee
496 1240 557 1305 elle
586 1241 753 1324 voluptode
774 1250 805 1303 et
826 1241 867 1303 oli
887 1240 1025 1320 oonriti,
1045 1242 1158 1323 perche

74 1322 103 1380 in
124 1322 196 1407 quel
215 1334 316 1405 tempo
350 1344 401 1385 ero
422 1344 535 1387 noveno
557 1324 596 1386 do
618 1324 691 1387 enni
713 1324 817 1390 XXV.
859 1322 988 1385 Cemuoo
1008 1344 1071 1384 non
1092 1346 1159 1386 oen·

71 1424 138 1467 save
158 1426 336 1491 oppugnare
355 1406 523 1469 Saloniohi.
562 1408 614 1469 Me
638 1406 732 1491 quelli
748 1407 863 1469 dentro
875 1426 971 1469 erano
987 1405 1081 1467 molto
1099 1428 1158 1489 po-

71 1487 118 1548 chi
139 1510 157 1549 n
177 1490 409 1573 comparatione
435 1490 473 1552 de
491 1488 585 1575 quelli
605 1490 645 1552 de
665 1492 753 1552 sorar
775 1510 893 1575 apeno
913 1489 973 1551 obe
995 1490 1075 1552 losse
1096 1510 1158 1553 uno

69 1582 171 1633 contre
190 1584 293 1634 cento.
334 1572 490 1636 Ordinato
509 1574 566 1636 ohe
587 1574 667 1636 horo
687 1575 834 1636 Cnmueoo
853 1572 876 1633 li
895 1573 1036 1650 buoloni,
1056 1576 1158 1651 arieti,

69 1653 166 1732 reale,
197 1656 367 1719 bomborde
391 1667 423 1720 et
451 1655 528 1719 ultre
556 1656 729 1741 ertegliario
758 1668 790 1717 et
810 1655 1086 1741 eppereclriomenli
1117 1657 1159 1719 do

69 1738 265 1818 comburere,
294 1740 403 1801 nuntio
432 1740 474 1803 ed
496 1742 618 1817 Moror,
650 1760 682 1802 ee
703 1741 729 1802 li·
756 1741 882 1823 placeo,
916 1741 1035 1801 venisse
1064 1738 1160 1801 odor

70 1814 98 1877 ln
121 1820 261 1902 generale
280 1822 423 1905 betaglio.
465 1826 569 1885 Morot
594 1844 703 1887 venne.
748 1822 793 1885 Le
812 1821 891 1905 golie
911 1822 1081 1883 Veneriano
1102 1844 1160 1905 per

68 1901 97 1960 lo
128 1904 301 1967 infortunio
332 1904 371 1965 de
403 1906 511 1967 Romei
532 1928 594 1967 non
615 1928 647 1968 oe
680 1917 851 1967 trovarono
873 1905 905 1965 in
926 1905 999 1987 quel
1018 1914 1160 1987 tempor

70 1983 239 2049 salonichi.
262 1986 486 2069 Apperechinte
505 1998 584 2050 tutte
604 1988 633 2049 le
651 2008 721 2050 cose
742 1988 782 2048 da
803 1986 956 2070 bonfilio,
979 1988 1084 2047 Morot
1104 2010 1160 2069 per

67 2086 143 2127 voce
165 2078 196 2129 el
217 2068 285 2131 soni
307 2070 345 2129 de
372 2071 531 2131 trombelii
559 2071 626 2132 leco
645 2068 788 2153 publicar
806 2081 914 2154 questo
937 2068 1032 2136 crido.
1075 2070 1159 2133 Boeo

66 2150 146 2210 olr'io
182 2150 266 2212 dono
294 2160 377 2229 tutte
407 2152 436 2213 le
465 2172 535 2214 oose
557 2153 614 2213 ohe
646 2174 721 2213 sono
741 2164 832 2214 entro
854 2176 872 2213 o
892 2150 922 2214 la
943 2152 1002 2213 cito
1021 2152 1062 2214 ad
1082 2153 1221 2233 voi,2oo

67 2230 233 2309 huomini,
257 2234 381 2309 donne,
404 2236 507 2317 putti,
526 2256 582 2297 oro
604 2246 635 2296 et
656 2245 795 2316 argento.
830 2256 888 2318 per
906 2256 956 2297 me
977 2232 1042 2297 solo
1062 2256 1161 2298 reser-

69 2334 106 2376 vo
140 2316 169 2378 lo
200 2317 271 2383 oid.
323 2320 538 2381 incontenento
567 2322 621 2401 poi
641 2339 673 2380 se
689 2321 829 2380 oominzo
858 2318 956 2379 aldire
976 2316 999 2377 li
1020 2317 1162 2381 horribili

71 2400 267 2463 instormenti
295 2400 531 2485 bottoglieeohi,
561 2415 591 2466 el
617 2402 648 2463 in
682 2423 747 2464 ono
777 2410 933 2464 momento
955 2402 1009 2484 poi
1029 2400 1058 2463 le
1079 2402 1161 2464 reale

72 2481 178 2548 lorono
210 2496 364 2546 ooooetato
390 2484 457 2548 ale
478 2505 575 2550 mure.
627 2487 732 2548 Orebe
752 2486 872 2567 podera
892 2484 941 2545 for
963 2483 1048 2546 mille
1069 2506 1088 2545 o
1109 2485 1162 2548 doi

71 2568 152 2629 milia
183 2567 306 2630 homini
337 2589 393 2652 per
411 2569 510 2630 dosera
534 2569 683 2631 detento
700 2569 818 2651 grande
838 2567 964 2629 citodel
983 2589 1081 2649 npeno
1103 2568 1162 2630 ohe

71 2647 258 2712 haveanodn
278 2673 390 2734 ponere
406 2673 471 2712 uno
490 2651 670 2714 bolestriero
693 2673 750 2733 per
770 2653 879 2712 deeino
898 2650 937 2712 de
949 2651 1048 2717 merli.
1069 2653 1162 2712 Mou-

71 2734 126 2793 iati
146 2733 294 2818 adunque
315 2736 343 2797 le
360 2736 457 2812 orale,
489 2735 612 2796 rubbilo
634 2755 666 2797 ee
686 2745 854 2796 trororono
879 2731 1000 2800 dentro.
1041 2733 1085 2796 Et
1103 2733 1161 2796 lie·

72 2816 167 2876 vendo
186 2825 293 2880 everto
312 2839 372 2880 uno
392 2829 499 2901 porto,
522 2829 603 2879 lutto
623 2819 656 2880 lu
678 2821 810 2880 exercito
831 2816 921 2879 entrd
942 2817 1051 2878 dentro
1071 2838 1160 2878 come

73 2901 173 3038 perol
198 2902 323 2963 forame
341 2923 405 2962 uno
427 2922 529 2962 mame
548 2901 645 2984 d’ape.
667 2901 708 2963 Et
732 2899 763 2962 lo
784 2921 847 2962 una
868 2902 1046 2982 meroviglia
1067 2920 1086 2959 o
1104 2919 1161 2960 re.

93 3002 141 3044 ere
169 2983 320 3046 huomeni
348 2984 497 3064 eidone,
517 2985 622 3046 noveni
646 2995 677 3047 et
694 2984 854 3063 donzelle,
875 2984 954 3066 pulli
976 2995 1006 3044 et
1025 2983 1161 3043 inienio·

73 3059 94 3122 li
113 3067 195 3127 lirati
230 3067 273 3128 du
294 3067 411 3128 homini
442 3067 482 3128 de
508 3067 617 3128 cavelli
643 3089 700 3149 per
729 3067 759 3128 lo
779 3087 880 3127 mane.
908 3063 966 3127 esni
985 3075 1162 3128 veromente

73 3145 228 3212 chiamovn
251 3151 283 3210 oi
303 3151 348 3228 oi,
367 3160 399 3212 et
418 3169 481 3210 non
502 3169 554 3211 era
575 3149 663 3210 alcun
683 3149 739 3212 ohe
759 3149 781 3212 li
799 3149 927 3210 herenee
938 3146 1159 3221 misericordia,

74 3229 110 3288 ne
130 3231 220 3294 aleon
253 3231 312 3293 ohe
345 3231 524 3314 liporzesse
542 3233 686 3293 oiutorio.
726 3233 836 3312 Queoti
852 3232 964 3293 sorono
985 3231 1006 3292 li
1028 3231 1161 3315 preludii

73 3309 147 3374 dello
168 3317 315 3400 eaptiviti
335 3316 413 3378 dello
439 3315 512 3376 citii
534 3313 698 3398 imperiale.
719 3315 764 3376 Le
782 3335 852 3376 ense
870 3315 979 3377 sorooo
992 3315 1113 3391 diserte,
1139 3313 1161 3376 li

75 3397 175 3543 llil
205 3397 1162 3546 ’ll'llililiz‘iilmlfflfl'iot‘illim

167 3525 175 3543 ι
1081 3525 1091 3555 ,
1146 3513 1162 3527 ”

77 3565 155 3625 mine
180 3585 328 3649 generoee
360 3567 394 3628 in
423 3567 452 3628 lo
483 3585 575 3628 mano
601 3563 673 3626 delli
695 3562 879 3646 ingene-osi.
938 3564 1025 3625 Tutti
1047 3563 1068 3625 li
1089 3561 1162 3622 mali

77 3642 128 3723 pio
148 3645 291 3710 horribili
310 3647 368 3712 ohe
383 3648 411 3710 le
429 3657 531 3712 morte
552 3649 584 3709 in
606 3647 678 3732 ogni
698 3657 786 3730 porte
805 3644 886 3708 delle
906 3655 988 3709 ter-m
1008 3665 1039 3707 se
1063 3641 1163 3706 reden

80 3741 291 3794 commedere.
311 3731 355 3794 Et
371 3742 456 3794 note
479 3729 637 3793 influentia
657 3731 696 3792 de
715 3729 809 3804 moli,
831 3729 912 3792 onde
931 3749 1022 3791 como
1042 3737 1073 3788 et
1092 3747 1164 3809 per·

79 3807 130 3870 chi
149 3813 167 3876 δ
187 3819 329 3877 venun?
369 3813 474 3877 Perii
495 3815 594 3876 nostri
622 3813 748 3898 ponenti.
792 3813 831 3874 ln
848 3833 912 3876 uno
934 3831 1029 3874 torno
1054 3811 1086 3871 lo
1106 3829 1163 3868 va-

80 3903 163 3957 enata
184 3898 214 3958 ln
237 3899 366 3980 antiqno
387 3908 419 3958 et
437 3919 548 3982 magna
567 3897 627 3959 citi
650 3897 688 3959 de
706 3895 874 3959 Saloniclri.
915 3895 956 3957 El
976 3891 1076 3954 duohe
1090 3893 1163 3952 Mo·

80 3985 124 4036 rot
152 3979 182 4041 fe
207 3999 381 4063 congregor
414 3977 476 4042 doli
505 3977 595 4042 caroli
627 3989 657 4041 et
674 3979 754 4042 delle
773 3978 874 4042 eitode
893 3977 1023 4039 finitimo
1041 3973 1162 4035 annlri

81 4075 135 4120 eon
155 4059 184 4125 le
205 4061 356 4148 mogliere
370 4073 400 4124 et
416 4085 472 4126 oon
489 4062 498 4124 i
518 4061 638 4147 liglioli,
653 4061 711 4124 obe
733 4063 892 4125 reninoeno
912 4058 949 4119 ed
970 4057 1111 4137 hobiinrp
1130 4057 1162 4118 in

81 4137 243 4209 Soloniehi.
299 4145 341 4208 Et
364 4147 428 4208 fece
456 4147 503 4210 fer
522 4146 613 4208 edicti
677 4143 768 4220 blioi,
790 4144 849 4206 elie
870 4142 892 4203 ii
912 4141 1031 4219 Groei,
1053 4138 1110 4201 che
1129 4157 1162 4200 se

82 4219 262 4291 froneerono
285 4228 362 4292 dello
383 4251 437 4291 sue
457 4229 620 4312 captivili,
664 4227 735 4290 abia
755 4225 868 4288 liberti
885 4236 993 4284 lornor
1013 4221 1052 4284 ed
1073 4223 1161 4283 habi·

82 4311 128 4366 lor
147 4313 178 4372 in
202 4313 231 4374 ln
253 4333 307 4376 suo
327 4315 437 4398 patrio.
478 4311 558 4376 Delli
578 4309 756 4378 monosterii
777 4305 938 4396 principali
957 4305 1061 4370 bonno
1081 4306 1221 4368 sacioso·
