3075 4825
319 1163 624 1241 IMMANUELIS
659 1166 869 1241 BEKKERl
897 1165 1181 1243 PRAEFATIO.

655 1396 790 1409 --twm—
795 1400 814 1411 Q
819 1400 851 1412 ¹¹·-

208 1607 370 1743 Ducat
404 1666 474 1771 qui
511 1668 673 1761 dicitur,
706 1698 727 1749 a
762 1668 956 1747 Bullialtlo
989 1696 1035 1745 ex
1057 1696 1138 1747 uno
1161 1668 1292 1747 codice

200 1799 330 1879 editus
361 1820 424 1877 est.
452 1828 523 1879 nec
548 1802 643 1897 inihi
681 1821 748 1877 sut
777 1803 950 1906 plurium
977 1800 1153 1879 codicum
1178 1800 1290 1907 copia

198 1931 298 2023 fuit,
322 1952 389 2011 aut
415 1936 672 2021 coniecturae,
698 1958 799 2037 quae
829 1934 1007 2013 codicum
1029 1959 1167 2041 operae
1190 1934 1290 2009 vica·

197 2064 263 2139 ria
287 2082 586 2167 supponeretur,
613 2065 773 2141 fiducia:
801 2068 947 2169 quippe
972 2064 1118 2141 codices
1139 2082 1294 2171 praeter

196 2193 454 2271 Parisiensem
479 2194 543 2269 vix
566 2196 665 2269 ullos
691 2220 880 2297 superesse
905 2221 1182 2300 compereram,
1206 2222 1295 2271 con·

196 2326 388 2403 iecturam
402 2324 577 2401 ridebam
595 2352 675 2401 non
699 2326 787 2401 satis
812 2344 936 2403 tutam
951 2326 1037 2432 capi
1061 2352 1108 2401 er
1131 2351 1176 2403 eo
1198 2327 1290 2403 scri·

194 2477 314 2564 ptore
331 2458 400 2561 qui
426 2459 577 2563 polluto
602 2457 799 2561 degeneris
820 2458 903 2536 aevi
926 2460 1092 2538 sermoni
1117 2457 1288 2537 innutri-

201 2611 283 2676 tus,
316 2589 505 2694 quicquid
542 2591 622 2666 sere
656 2589 703 2665 de
728 2590 853 2666 verbis
875 2589 1072 2666 flectendis
1095 2589 1289 2668 struendis

195 2721 458 2826 intelligendis
481 2722 652 2828 praecipi
677 2724 781 2806 solet,
807 2720 900 2798 adeo
913 2742 981 2798 aut
1005 2723 1195 2825 ignorarit
1217 2742 1288 2799 aut

199 2855 368 2957 neglexit
397 2871 443 2928 ut
474 2855 626 2954 linguae
659 2854 825 2928 Graecae
858 2879 938 2928 non
970 2853 1167 2928 meliorem
1199 2871 1285 2930 tum

199 3013 292 3062 cum
316 2984 497 3060 scriberet
530 3012 648 3086 quam
674 2985 729 3058 rei
754 2984 933 3089 publicae
958 2983 1072 3059 fuisse
1095 2981 1287 3060 condicio·

196 3144 288 3194 nem
313 3135 458 3219 arguat
487 3117 698 3192 Barbarum
724 3113 968 3220 perditorum
992 3133 1209 3220 temporum
1234 3133 1288 3192 te·

198 3269 294 3326 stem
324 3249 502 3325 sordibus
530 3249 607 3323 suis
637 3247 903 3350 relinquebam
944 3272 1069 3353 neque
1093 3250 1197 3325 ultra
1223 3275 1285 3324 or-

198 3381 467 3486 thographiam
505 3399 575 3456 aut
615 3381 969 3484 interpunctionem
1009 3379 1283 3470 emendabam,

196 3539 286 3588 cum
312 3514 540 3618 insperatam
555 3511 591 3586 ei
616 3511 742 3590 lucem
764 3511 897 3587 attulit
914 3511 1169 3614 gratissimum
1193 3515 1284 3588 leo·

195 3643 304 3750 poldi
339 3644 477 3720 Ranlii
513 3669 663 3719 munus
689 3643 719 3718 is
743 3643 848 3719 enim
881 3671 970 3721 cum
1003 3643 1176 3719 Venetiis
1201 3669 1282 3720 non

193 3801 284 3852 artae
315 3795 466 3852 tantum
496 3777 628 3856 Musae
662 3793 904 3878 operaretur,
945 3773 1136 3851 summisit
1168 3774 1280 3850 nobis

191 3907 367 3983 Italicam
394 3908 500 3984 illam
524 3907 655 3981 Durae
685 3907 917 3996 versionem,
942 3919 1060 4007 quam
1085 3904 1283 4010 scriptoris

194 4039 308 4115 aetati
333 4065 536 4144 supparem
564 4035 776 4114 laudarunt
799 4037 893 4111 olim
914 4035 1113 4148 Morellius
1135 4055 1173 4110 et
1196 4037 1281 4112 Mu·

193 4169 373 4280 stoxydes.
413 4170 506 4250 haec
536 4198 625 4250 cum
651 4171 775 4250 multa
807 4167 945 4246 haheat
967 4195 1067 4274 quae
1090 4167 1195 4244 edito
1220 4194 1281 4244 co-
