3075 4825
325 324 413 415 380
688 352 831 421 nocta
863 350 1058 419 arsaoan

171 582 175 590 Ι
327 500 456 569 mandor
473 504 566 592 quelli
586 504 708 585 dentro,
724 507 791 571 rolli
811 507 961 571 voievaoo
981 506 1087 569 venire
1102 512 1183 568 aotto
1201 503 1380 569 laobbediea·

284 588 374 671 tiotia
393 612 457 654 soa.
507 591 685 654 Recusando
707 590 822 676 quelli,
853 592 916 652 soce
935 591 985 654 sar
1004 588 1138 652 cuniculi
1158 590 1258 651 secreti
1276 602 1305 651 et
1321 612 1381 652 aare

328 672 451 735 intorno
471 675 501 736 la
525 685 611 737 terra
633 685 711 736 sotto
738 674 760 735 li
783 674 972 735 fondameoti
993 671 1381 756 deliernure31eqaatiao

326 776 600 902 iiiii⁸”⁰niiiii
622 757 713 903 ‘tit
730 757 923 901 nim
942 755 1383 923 ftffitttt'tfflplttttt

325 923 531 985 innomeoaate
551 925 604 1006 piir
625 924 665 985 de
692 944 755 986 uno
775 923 880 1006 miglio
910 922 1034 983 lontane
1052 919 1121 982 dale
1143 884 1244 999 rirura,
1264 920 1291 982 le
1308 918 1381 1003 quale

325 1025 419 1069 erano
439 1016 518 1067 tutte
545 1007 584 1069 de
603 1005 698 1089 ptine,
733 1008 786 1067 zoe
804 1017 885 1067 terra
907 1026 972 1067 non
992 1013 1075 1065 cotta
1095 1014 1127 1065 et
1148 1006 1275 1087 oompite
1293 1015 1382 1085 questa

327 1108 420 1169 opera
443 1088 659 1163 subterranea,
681 1089 784 1173 ignota
804 1088 852 1150 aia
873 1089 950 1167 citt,
982 1087 1088 1149 Demir
1109 1086 1131 1148 ti
1153 1088 1216 1149 fece
1234 1085 1382 1149 richiedere

325 1170 455 1233 nn'aitra
482 1169 582 1249 volta,
614 1172 672 1235 che
704 1192 736 1234 ae
765 1170 912 1233 valerano
939 1192 1022 1232 esser
1050 1167 1182 1243 salvati,
1212 1168 1382 1231 daerseaola

326 1264 420 1320 terra.
461 1254 504 1316 Et
530 1252 625 1339 quelli
650 1276 709 1317 con
739 1255 904 1338 ignominia
934 1253 1146 1335 respondendo
1167 1274 1185 1314 o
1206 1251 1247 1313 lui
1264 1272 1319 1312 non
1339 1271 1383 1311 vo·

325 1334 404 1399 larsa
423 1338 571 1413 vendere,
595 1336 679 1399 atora
700 1338 807 1401 Demir
834 1338 864 1399 se
887 1337 1052 1399 oomandar
1073 1335 1130 1397 che
1149 1335 1231 1399 forae
1247 1335 1312 1397 dato
1325 1334 1383 1395 ioco

329 1417 359 1482 al
375 1418 511 1503 lagoenae
537 1420 606 1482 dele
630 1442 723 1497 cave,
743 1420 801 1483 ohe
827 1429 984 1482 aoatenava
1004 1418 1033 1481 ie
1054 1438 1166 1504 mnra3
1186 1428 1219 1481 et
1236 1417 1344 1479 rubbito
1360 1415 1383 1476 la

325 1522 414 1564 mura
445 1502 478 1565 fo
521 1506 640 1566 roinate
670 1502 731 1565 dati
775 1502 978 1575 fundamenti,
1018 1513 1050 1564 et
1090 1502 1120 1562 la
1150 1502 1210 1564 citt
1238 1499 1383 1562 denudata

327 1584 452 1647 aobhito
472 1585 504 1648 so
531 1606 619 1668 presa
649 1606 737 1659 senza
763 1598 924 1648 oontraato.
974 1584 1012 1647 Li
1041 1584 1168 1647 eitadini
1194 1594 1278 1667 parto
1295 1584 1382 1645 torono

195 1720 205 1751 ,
327 1670 437 1745 morti,
468 1680 554 1751 parte
582 1688 640 1730 con
671 1667 702 1731 la
721 1668 819 1731 robba
839 1668 954 1731 redacti
975 1671 1008 1729 in
1030 1668 1128 1751 preda
1152 1669 1185 1729 di
1204 1667 1316 1731 nemini.
1347 1662 1378 1723 Li

326 1750 471 1895 prindoilgi⁰
485 1751 565 1849 eieiia
585 1753 647 1894 cit}
678 1752 718 1815 de
736 1752 998 1897 ffmffimianti
1018 1752 1057 1812 de
1076 1752 1188 1895 Defflr
1206 1753 1276 1812 tutti
1294 1751 1380 1890 fourffio

327 1854 429 1895 oona
461 1854 618 1897 arnono
643 1854 712 1911 oco,
758 1855 816 1897 ove
944 1856 960 1895 r
991 1854 1124 1917 oaaegro
1170 1852 1314 1917 eperaep
1368 1860 1380 1874 ·

325 1915 1033 2083 2’tierinitoqlirilclolviigiiairaerircariniaglirioiiro
1041 1915 1222 2062 eiiiiuiaiiiig
1237 1911 1380 2060 iii’dmiig

294 2162 297 2167 1
326 2086 466 2145 azonriva
493 2082 523 2144 at
550 2082 618 2145 noio
642 2094 672 2146 et
701 2082 731 2145 ie
750 2083 887 2146 oreoehie
905 2081 966 2145 alle
985 2082 1074 2165 polpe
1094 2082 1175 2145 delle
1194 2082 1296 2167 gnatho
1313 2076 1381 2161 appi·

195 2204 197 2211 ,
325 2166 476 2234 charano.
495 2175 533 2228 et
546 2166 608 2228 ooai
630 2167 652 2228 ii
675 2167 792 2248 miseri,
811 2165 940 2229 involuti
960 2164 1208 2245 oomelumaehe,
1229 2165 1327 2228 forano
1343 2162 1381 2221 in·

326 2250 414 2311 aneni
435 2250 465 2311 in
487 2247 516 2311 le
530 2248 699 2335 sepulture,
722 2260 795 2313 octo
815 2262 845 2313 et
864 2250 950 2311 diere
969 2270 1026 2332 per
1044 2248 1133 2310 foeta.
1154 2270 1217 2313 non
1236 2246 1259 2308 ii
1277 2244 1380 2327 caprio

324 2352 384 2395 oon
404 2332 433 2395 la
452 2342 556 2413 terra,
586 2354 635 2395 ma
654 2354 711 2395 coo
730 2333 811 2416 tote,
839 2344 871 2395 et
887 2352 976 2416 aopra
996 2331 1026 2395 le
1053 2329 1118 2393 tote
1139 2343 1256 2393 metere
1281 2327 1380 2390 alter.

326 2435 415 2494 τωο,
442 2416 552 2478 anochi
572 2439 631 2478 oon
652 2418 705 2500 piir
724 2415 775 2478 lon
796 2418 952 2479 bestente
979 2425 1010 2478 et
1029 2436 1107 2499 pene
1128 2413 1264 2477 suffocati
1281 2411 1380 2473 l’anino

325 2499 464 2560 uolasse.
486 2498 562 2560 Tale
581 2499 756 2562 inventione
776 2439 816 2562 ire
836 2500 980 2562 tormenti
1002 2509 1033 2561 et
1054 2498 1192 2573 inaudita
1210 2496 1381 2580 generatione

326 2579 367 2642 (ie
388 2591 500 2654 morte,
520 2579 559 2640 da
577 2581 666 2642 nisun
687 2594 819 2666 tyranno
839 2604 897 2666 per
921 2583 1026 2644 av'anti
1047 2582 1109 2642 mai
1130 2583 1310 2666 excogitata,
1327 2586 1381 2634 tro-

326 2661 368 2726 ab
393 2663 422 2724 ei
443 2663 584 2724 Tartaro.
625 2664 767 2728 Desolata
788 2666 932 2749 adunque
950 2664 1051 2749 quella
1070 2666 1132 2726 citit
1151 2664 1202 2726 dai
1224 2661 1380 2726 fondamen-

284 2745 371 2824 orti,
394 2766 493 2807 venne
514 2747 545 2806 in
567 2745 596 2806 le
617 2759 700 2829 parte
721 2748 760 2810 de
781 2747 926 2811 Foenioia
945 2759 976 2812 et
1001 2747 1040 2809 de
1058 2749 1211 2809 Damasco
1218 2790 1228 2821 ,
1250 2739 1381 2808 brunodt

326 2841 359 2890 et
378 2829 558 2895 dasaoeado
581 2841 658 2892 tutte
686 2830 715 2892 le
765 2832 904 2898 rovintie.
956 2843 988 2894 et
1005 2834 1137 2893 aasooati
1157 2831 1229 2892 tutti
1248 2828 1268 2890 ii
1285 2820 1382 2887 omri

282 2979 286 2990 ,
326 2923 360 2974 et
379 2910 410 2973 io
429 2911 549 2974 richere
569 2851 796 2989 deDamaaoim
816 2915 942 2976 hnraata
964 2915 993 2976 ia
1015 2915 1087 2988 cito,
1110 2913 1197 2998 poseo
1215 2910 1381 2997 inCaieppo,
1430 2943 1438 2970 ι

328 2995 482 3077 togiiendo
510 2994 579 3058 dala
610 2996 709 3060 oitade
738 2995 759 3060 ti
797 2997 893 3060 nobiti
913 2997 1033 3060 maiatri
1061 2999 1101 3059 de
1125 2997 1235 3060 divorsi
1260 2992 1381 3062 mittito»

328 3077 424 3222 imm
444 3080 592 3142 mendara
619 3083 650 3140 in
680 3079 795 3144 Persia.
842 3081 997 3144 Etmeesa
1026 3091 1107 3142 totta
1127 3079 1241 3142 Arabia
1260 3078 1290 3137 in
1308 3090 1383 3153 gno·

353 3160 452 3223 iasimo
472 3171 608 3239 terrore,
642 3183 675 3225 se
694 3161 815 3226 revoito
840 3185 929 3229 verso
950 3164 1164 3242 Smarohante,
1183 3171 1280 3222 metro
1329 3149 1384 3212 'dt

329 3243 445 3308 Peraia.
485 3244 619 3306 Paiasith
651 3247 784 3308 aldondo
814 3246 844 3309 io
863 3269 932 3310 oose
951 3248 1068 3331 grande
1086 3247 1144 3309 ohe
1164 3263 1255 3307 erano
1302 3249 1382 3302 nen

328 3329 459 3410 Araigan
488 3338 519 3388 ot
537 3329 569 3389 in
597 3327 626 3390 la
653 3331 715 3391 citt
735 3328 776 3392 do
793 3332 945 3409 Sevastia,
971 3333 1004 3391 in
1025 3331 1133 3405 soria,
1152 3330 1185 3389 in
1207 3323 1383 3388 Damam

329 3409 362 3473 in
385 3409 539 3493 Caiepho,
563 3431 624 3471 non
647 3433 767 3476 cessare
787 3414 915 3475 mandor
935 3412 1042 3475 lettere
1061 3415 1092 3474 in
1113 3410 1236 3473 Natolia
1254 3409 1284 3470 in
1303 3402 1381 3499 Atftr

328 3503 360 3555 et
377 3513 435 3554 eon
456 3496 526 3575 ogni
547 3491 749 3558 sollicitudine
770 3497 938 3559 assonando
957 3498 1124 3558 acoreaoiva
1144 3495 1173 3557 ei
1192 3515 1248 3556 sno
1264 3493 1381 3552 exemto·

327 3576 378 3638 Lo
397 3577 586 3657 imporadoro
600 3579 724 3640 Zuanne
736 3601 793 3641 eon
811 3580 831 3641 ii
845 3581 1023 3642 infortunati
1041 3579 1159 3650 Romi,
1177 3574 1301 3639 alderado
1318 3585 1381 3666 qut:

328 3659 370 3720 ati
389 3660 577 3737 mavimenti‚
596 3661 779 3725 alzavavano
796 3662 826 3725 le
848 3685 939 3726 mane
963 3663 993 3724 al
1011 3661 1088 3724 rieio
1107 3683 1165 3723 con
1184 3657 1283 3722 devoti
1301 3658 1381 3744 proni}

296 3807 303 3820 ⁸
327 3741 460 3804 dicenti:
482 3764 502 3804 o
523 3743 764 3808 misericordioao
785 3748 913 3828 Signat,
943 3746 995 3808 dio
1017 3747 1057 3808 de
1077 3741 1298 3818 misericordia,
1323 3729 1380 3796 itti!
1478 3788 1479 3791 ,

328 3823 410 3905 pieta
431 3824 469 3886 de
490 3827 544 3888 noi
562 3827 661 3888 inutili
681 3830 760 3893 servi
779 3829 845 3904 toi,
867 3842 898 3892 et
956 3833 1035 3892 rooti
1055 3827 1160 3912 quello
1178 3827 1234 3889 ohe
1252 3815 1380 3886 mooaoeit

327 3925 347 3965 a
368 3909 430 3966 noi.
474 3909 627 3984 Conserva
648 3922 754 3994 questa
774 3914 887 3994 patria,
932 3934 989 3975 ove
1008 3915 1027 3974 ie
1048 3911 1078 3973 la
1098 3934 1169 3973 oasa
1188 3919 1261 3988 toa,
1281 3903 1307 3966 el
1324 3917 1380 3998 {W
1478 3908 1479 3977 i

327 3989 444 4050 otuario
472 4013 529 4054 oon
558 3991 587 4052 te
605 4013 691 4054 sacre
712 4004 743 4056 et
763 4007 865 4058 sande
884 4017 953 4058 noae
969 4007 1032 4063 tae.
1074 3993 1161 4056 Voiai
1182 3992 1204 4056 li
1223 3989 1339 4074 prosim
1354 3987 1380 4038 ²²
1478 4010 1479 4057 t

327 4067 359 4128 la
380 4082 479 4132 manto
496 4073 546 4138 ‚de
571 4075 662 4138 oollai
682 4079 715 4138 in
735 4077 811 4139 altre
832 4091 921 4161 parte
941 4091 973 4140 et
993 4079 1032 4141 ad
1052 4076 1129 4140 altre
1148 4095 1257 4160 guerre
1275 4071 1379 4156 lontano

329 4147 369 4210 do
390 4154 469 4229 noi3
490 4154 521 4214 in
543 4158 571 4218 le
592 4159 683 4239 quale
712 4161 868 4306 rimangha
889 4165 1018 4224 confuso
1038 4169 1069 4224 et
1093 4160 1253 4242 conquiro,
1272 4151 1322 4215 azo
1336 4160 1377 4208 ⁰⁰¹
1478 4166 1479 4231 j

329 4249 465 4315 P⁰⁸⁸⁸m⁰
482 4245 560 4304 titre
579 4241 686 4326 iopoce
706 4255 735 4306 et
756 4243 807 4307 lau
827 4267 883 4308 are
901 4246 930 4309 el
960 4267 1052 4309 nome
1071 4257 1125 4307 tuo
1147 4247 1179 4306 in
1198 4252 1307 4304 eterno·
1341 4224 1376 4289 st
