3075 4825
335 366 492 432 nmine
520 367 769 431 inmersere
803 365 992 432 mesore.
1118 341 1199 451 49¹

133 539 205 582 zone
232 525 260 582 ol
289 523 446 604 principe,
480 532 510 584 et
542 519 621 584 disse
640 522 696 582 ohe
726 523 746 580 li
767 522 835 582 altri
862 531 1023 583 stozevano
1047 519 1094 580 818
1114 528 1207 603 porta

132 603 180 666 del
207 605 326 687 palazo.
370 606 409 666 El
438 606 541 688 signos
573 605 722 666 comendo
749 605 786 664 ml
811 605 912 666 littore
945 604 1002 666 che
1020 605 1157 687 tagliasse
1180 606 1209 664 le

131 696 206 748 teste
231 709 291 750 con
322 689 351 749 le
370 689 462 770 spada
494 708 511 748 8
536 689 627 768 quelli
652 689 707 748 che
729 701 855 750 stavano
876 685 924 748 818
945 695 1046 771 porta.
1091 686 1209 747 Allroro

129 769 156 830 el
175 771 279 834 littore
297 771 448 833 menando
477 773 568 854 quelli
599 772 702 853 poche
729 771 837 832 lontan
856 771 907 834 (181
939 773 1066 852 palare,
1089 769 1111 831 li
1131 769 1210 832 disse

131 852 157 914 el
178 854 432 916 comandamento
452 853 500 916 del
519 875 575 916 suo
597 857 708 935 signor.
751 855 935 916 Aseoltnndo
957 857 977 914 li
991 854 1093 936 figlioli
1109 855 1137 913 el
1159 873 1210 912 co·

129 938 347 1000 mandamento
371 937 451 999 della
474 950 595 1015 morte,
618 939 838 999 eominzarono
862 960 880 1000 8
900 938 1050 1020 pianzere.
1110 939 1160 996 Mo
1182 935 1211 996 el

129 1039 278 1100 generoso
302 1031 391 1104 patre
407 1021 519 1082 stando
542 1021 619 1081 forte
639 1030 672 1082 et
693 1033 870 1098 constante,
898 1021 1044 1082 conforto
1064 1018 1086 1080 li
1106 1021 1211 1079 noveni

128 1103 297 1185 sbigottiti,
319 1102 554 1166 confirmandoli
575 1113 605 1164 et
626 1103 797 1165 dicendoli:
820 1105 849 1165 0
870 1103 972 1184 liglioli
988 1105 1064 1181 mei,
1085 1103 1135 1163 voi
1156 1103 1213 1161 ha·

129 1197 200 1248 vete
229 1187 365 1250 vistoche
384 1190 520 1250 hesterna
539 1187 590 1248 die
621 1187 651 1248 in
676 1209 739 1248 uno
759 1198 915 1249 momento
935 1188 974 1249 de
992 1198 1097 1268 tempo
1119 1184 1213 1247 have-

96 1329 101 1348 ,
129 1291 182 1331 mo
212 1270 343 1354 perduto
362 1281 442 1332 tutte
469 1271 499 1331 le
523 1278 628 1330 nostre
648 1289 731 1331 cose.
775 1271 818 1331 Le
838 1271 956 1331 richere
975 1281 1081 1331 nostre
1105 1268 1214 1329 iners-

130 1344 274 1430 cndbile‚
298 1355 326 1414 18
347 1352 442 1437 gloria
463 1352 623 1414 amirativa
657 1353 714 1414 che
735 1352 906 1415 herovamo
925 1355 955 1413 in
977 1363 1083 1437 questa
1107 1372 1216 1436 mogon

130 1436 250 1514 citode,
271 1448 303 1498 et
322 1458 377 1520 per
395 1447 500 1519 questa
521 1437 551 1496 in
565 1447 646 1496 tutto
668 1435 698 1496 lu
722 1437 867 1498 universo
887 1436 944 1498 che
966 1437 1111 1496 habitune
1121 1434 1216 1495 Cirri-

130 1520 240 1600 stioni,
260 1529 340 1584 tutte
362 1519 392 1582 le
413 1530 519 1581 nostre
535 1518 684 1581 selicinde
707 1529 738 1580 et
752 1519 857 1582 tuttol
875 1530 979 1581 nostro
993 1520 1069 1582 bene
1089 1521 1106 1578 e
1126 1538 1217 1599 prae·

130 1605 236 1665 terito.
277 1604 379 1666 Adero
400 1624 462 1664 uon
485 1602 532 1663 n'e
552 1605 664 1664 rimoso
681 1601 758 1666 oltro
779 1613 902 1686 excepto
923 1603 952 1664 18
972 1613 1113 1684 presente
1134 1604 1216 1675 vito,

132 1683 161 1747 18
199 1686 273 1769 quel
301 1708 362 1748 non
389 1690 407 1750 e
444 1687 582 1764 infinita,
618 1685 729 1766 perche
749 1708 807 1769 per
825 1698 928 1768 tempo
959 1705 1140 1748 moreremo.
1161 1685 1220 1746 che

129 1777 222 1832 tanto
251 1771 384 1832 mancho
415 1791 453 1830 ne
485 1769 562 1830 deve
583 1788 767 1851 aggrevam
788 1770 916 1832 essendo
936 1769 1044 1852 privati
1067 1767 1144 1828 delle
1163 1789 1220 1827 no·

131 1864 194 1913 etms
215 1873 309 1929 cose,
341 1852 397 1914 che
425 1853 555 1914 havemo
586 1851 719 1934 perduro
745 1853 774 1914 18
793 1853 914 1936 gloria,
937 1853 1092 1925 l'lronore‚
1115 1853 1144 1912 18
1165 1851 1220 1911 do·

129 1936 326 2013 minatione3
348 1945 380 1996 et
400 1937 431 1996 in
453 1934 501 1996 lor
521 1937 587 1996 vice
609 1955 767 1997 recevemo
788 1934 929 1997 obrobrii
952 1945 984 1996 et
1003 1937 1073 2017 ogni
1095 1932 1281 2017 despota-305

131 2019 207 2102 gio,
229 2017 385 2100 fatigando
407 2039 546 2100 temple,
570 2017 672 2078 finche
702 2017 731 2080 la
752 2031 851 2081 morte
871 2039 967 2098 venga
989 2040 1044 2099 per
1064 2017 1134 2093 noi,
1159 2015 1223 2078 tol-

131 2100 274 2162 lendone
294 2121 382 2164 senza
405 2100 504 2161 honor
526 2099 564 2162 de
586 2111 692 2182 queste
714 2104 789 2167 vita.
831 2103 920 2163 Dove
937 2103 953 2161 e
973 2100 1005 2162 ln
1028 2110 1137 2160 nostro
1162 2102 1223 2160 im.

130 2183 292 2266 per-odor?
342 2183 410 2244 Non
431 2185 462 2244 lo
493 2185 592 2244 occiso
615 2183 703 2243 heri?
724 2183 804 2245 dove
823 2185 842 2244 e
861 2185 883 2246 il
906 2196 960 2244 tno
984 2204 1090 2244 socero
1112 2203 1223 2264 magno

132 2267 326 2328 domestico?
375 2267 500 2328 Dovee
529 2267 550 2326 il
573 2266 737 2350 Paleologo
758 2269 1002 2349 prothostrntorn
1027 2286 1085 2324 eon
1106 2264 1157 2323 doi
1177 2268 1224 2324 soi

132 2351 266 2433 figlioli?
318 2350 389 2413 Non
416 2351 524 2411 somno
553 2351 679 2433 iugulati
714 2351 781 2411 heri
800 2351 830 2413 in
853 2351 881 2413 18
902 2350 1053 2433 batoglia!
1099 2347 1225 2408 Utinam

133 2446 164 2495 et
196 2438 249 2495 noi
279 2434 409 2497 sossomo
431 2434 522 2495 morti
555 2456 611 2496 con
644 2436 698 2495 essi
726 2436 801 2496 loro.
856 2434 1089 2496 Nicntcdimeoo
1120 2446 1226 2513 questo

132 2518 216 2581 hora
245 2528 389 2600 presente
420 2519 437 2579 e
467 2516 644 2581 sufficiente.
686 2518 758 2578 Non
779 2540 926 2601 peceamo
949 2518 1021 2599 piri,
1046 2515 1157 2598 perche
1176 2516 1227 2574 chi

132 2623 166 2662 88
191 2603 222 2663 18
251 2622 338 2663 arnse
370 2601 420 2662 del
454 2600 601 2662 diavolo?
628 2622 661 2663 se
683 2602 871 2678 tardarem,
895 2622 1028 2663 serremo
1048 2600 1125 2659 soriti
1148 2597 1227 2659 dallo

131 2706 188 2746 sue
211 2694 327 2762 mette,
350 2683 380 2745 le
401 2683 491 2767 quale
512 2683 666 2746 mendeno
687 2688 797 2762 toxico,
825 2686 913 2746 szc
933 2707 1009 2745 norw
1030 2682 1062 2743 lu
1085 2684 1227 2764 Agonee

131 2768 358 2850 appareclriato
387 2786 441 2849 per
473 2770 537 2829 noi.
587 2770 621 2828 ln
645 2787 735 2829 nome
755 2768 803 2829 del
833 2769 986 2829 crucifiseo
1007 2780 1106 2827 morto
1130 2775 1160 2826 et
1171 2784 1228 2846 re-

131 2851 295 2923 suscitato,
316 2872 453 2911 moramo
475 2864 505 2912 et
524 2850 589 2926 noi,
613 2852 741 2913 acioehe
762 2874 822 2921 con
843 2873 909 2914 esso
930 2855 971 2912 lui
995 2852 1115 2911 lruomo
1140 2850 1160 2909 li
1182 2847 1226 2907 soi

130 2934 218 3003 brui.
271 2934 312 2995 Et
342 2942 448 3015 queste
477 2956 544 2996 cose
566 2933 707 2995 havendo
728 2934 838 3011 dicto,
859 2939 870 2995 i
894 2936 999 2997 noveni
1020 2934 1226 2994 dcventnrono

131 3018 223 3079 lermi
249 3026 279 3077 et
304 3020 473 3090 constanti,
498 3022 562 3078 anzi
582 3018 690 3100 pronti
713 3030 744 3079 et
763 3017 885 3080 solliciti
907 3018 945 3079 ad
966 3018 1070 3080 morin.
1096 3027 1127 3076 et
1148 3016 1227 3076 disse

132 3101 163 3161 al
199 3102 296 3165 litor:
329 3100 360 3159 so
390 3098 492 3179 quello
517 3102 574 3161 che
594 3104 663 3161 tet
692 3102 900 3178 commodato,
924 3100 1130 3162 comenmndo
1151 3098 1226 3158 dalli

131 3183 258 3247 sorani.
299 3182 338 3243 El
360 3183 542 3264 manegoldo
568 3182 759 3245 obhediendo
781 3183 876 3267 sagitt>
896 3188 923 3247 le
944 3195 1020 3246 teste
1040 3184 1090 3245 alli
1106 3182 1224 3257 noveni,

132 3278 240 3328 stante
262 3264 469 3348 Megaduchn,
504 3277 534 3326 et
566 3265 711 3328 dicendos
749 3269 816 3329 Ao
850 3269 906 3328 tibi
939 3270 1074 3349 gratior,
1093 3267 1226 3328 domine.

131 3354 227 3411 inseras
250 3368 301 3427 es,
330 3350 461 3409 domine.
508 3348 627 3409 Alhora
656 3350 734 3409 disse
768 3292 799 3410 ol
825 3350 929 3412 littor:
961 3350 1114 3428 l'radello‚
1138 3349 1226 3410 dame

132 3456 218 3516 poca
250 3432 368 3493 indnzia
400 3452 454 3513 per
491 3431 588 3493 intrnr
609 3454 626 3491 a
646 3432 696 3492 dir
726 3434 755 3493 la
776 3436 916 3495 oratione
937 3458 988 3496 ern
1008 3440 1039 3493 in
1064 3434 1133 3516 quel
1154 3430 1222 3492 loco

134 3540 200 3577 una
224 3515 339 3595 piccoln
374 3516 495 3581 chiesia⁴
520 3528 525 3545 '
550 3520 668 3577 intrato
690 3537 750 3577 con
773 3517 892 3577 licentia
916 3518 965 3578 del
987 3520 1071 3577 littor
1092 3516 1165 3589 orb,
1192 3521 1223 3573 et

131 3600 239 3661 uscito
264 3598 342 3658 dalla
365 3610 455 3679 porta
477 3599 554 3659 dove
584 3620 677 3661 erano
698 3600 717 3660 li
737 3603 819 3679 corpi
841 3600 871 3660 di
892 3605 938 3662 soi
960 3600 1063 3680 figlioli
1087 3599 1223 3658 anchora

130 3683 301 3751 trementi,
331 3684 438 3741 iterum
472 3683 573 3743 dando
602 3684 700 3763 gratie
729 3685 746 3743 18
779 3684 852 3761 (118,
887 3684 918 3745 fo
959 3685 1141 3764 decapitato.
1182 3680 1221 3739 El

130 3762 326 3845 manegoldo
354 3767 491 3844 compito
527 3766 554 3825 el
586 3766 737 3844 penitioso
767 3765 867 3828 officio
889 3788 987 3829 venne
1007 3768 1034 3825 81
1058 3764 1284 3833 convivio‚306

130 3845 322 3911 mostrando
343 3848 370 3906 le
388 3857 465 3907 teste
494 3845 522 3907 81
543 3848 657 3908 drocen
692 3850 906 3931 sanguinario,
929 3849 1070 3911 lassando
1091 3847 1111 3907 li
1134 3848 1223 3926 corpi

133 3930 302 3992 inhumati.
350 3930 536 3992 Similmente
569 3931 676 4011 quariti
703 3932 774 3994 delli
802 3933 922 3993 officiali
956 3943 986 3992 et
1016 3931 1152 4013 generosi
1174 3927 1223 3988 del

132 4014 245 4098 pnlazo
274 4013 369 4073 havet
399 4014 611 4095 riconparat0,
641 4018 712 4076 tutti
733 4016 753 4077 li
775 4016 886 4077 mandi>
906 4016 966 4076 8118
986 4023 1095 4079 morte.
1137 4012 1223 4073 Delie

133 4096 286 4177 moglierc
307 4107 336 4157 et
355 4096 457 4178 siglioli
479 4095 518 4158 lra
539 4099 626 4159 electi
646 4098 667 4159 li
688 4102 743 4179 piri
763 4098 835 4161 belli
857 4105 956 4180 carpi,
977 4107 1009 4158 et
1029 4095 1223 4158 ricomando-

133 4180 157 4240 li
182 4178 214 4240 nl
237 4180 462 4242 archieunucho
493 4183 549 4243 ohe
582 4202 637 4263 per
666 4182 707 4241 lui
731 4182 749 4242 11
780 4182 922 4242 salvasse.
964 4182 1122 4243 Del.resto
1143 4180 1221 4241 della

133 4262 237 4348 preda
258 4263 298 4325 ha
322 4264 393 4329 doto
414 4260 442 4325 la
464 4286 535 4325 estro
557 4266 593 4326 nd
617 4266 707 4341 altri,
741 4264 841 4325 tinche
862 4267 945 4325 siano
965 4268 1078 4327 menoti
1100 4268 1130 4325 in
1152 4263 1221 4326 An·
