3075 4825
408 228 494 345 374
759 276 898 351 notan
926 294 1124 365 aaronis

1506 428 1507 455 l

400 415 579 499 servitude
602 423 738 503 Turchi,
770 434 800 497 el
822 462 930 521 paese,
959 470 1051 513 consa
1072 456 1222 538 heremo,
1246 478 1422 531 remanente
1442 494 1476 532 rs

404 516 464 559 cuo
493 503 525 561 di
557 507 653 571 nativi
685 517 733 576 soi
765 518 947 591 habitatori.
1000 536 1283 627 Constantinopoli
1322 554 1477 615 nonhasn

399 580 455 657 piis
476 585 514 644 ne
537 587 608 649 ville
630 596 669 655 nb
690 596 795 661 villani
817 606 874 668 ebe
895 632 996 677 arasse
1018 620 1056 679 ne
1077 644 1216 689 necasse:
1240 632 1313 693 lora
1334 635 1412 697 delle
1429 659 1477 697 nr

399 679 436 721 re
457 686 519 729 non
556 691 589 731 se
613 680 740 742 stendca
760 685 788 745 el
821 711 877 753 suo
899 695 1046 777 irnperio.
1071 702 1100 767 le
1123 731 1300 795 compagae
1324 718 1383 779 che
1400 724 1476 801 prim

395 764 497 808 ,erano
527 750 586 813 ben
611 757 698 823 selice
716 777 749 826 et
769 769 873 843 culte,
902 778 989 843 alors
1011 805 1106 850 erano
1130 816 1222 857 come
1246 796 1379 863 heremo
1398 806 1475 863 dnu-

389 832 449 902 ,te3
486 829 514 891 la
534 835 594 897 cita
626 840 666 901 da
695 856 782 911 tanta
806 857 912 937 inopia
940 874 972 925 et
996 873 1126 935 careatis
1149 881 1305 942 assediata
1331 894 1365 944 et
1385 897 1475 947 rans

395 915 467 989 eta3
488 914 545 977 cbo
581 918 610 980 le
629 928 730 991 anime
760 956 817 1015 per
845 938 874 1000 la
901 942 992 1028 longa
1026 951 1125 1017 inedia
1157 956 1325 1043 languenti
1343 976 1377 1029 et
1395 968 1475 1049 pult

395 1001 529 1058 extrema
558 1000 638 1066 lame
668 1018 863 1083 conveniano
889 1026 1096 1097 abbandonar
1123 1041 1147 1101 li
1179 1048 1309 1128 proprii
1334 1051 1474 1132 sorptal

394 1081 482 1137 tanta
505 1090 636 1149 carestin
657 1091 697 1153 de
715 1094 852 1179 legname
872 1128 966 1171 erano
993 1123 1099 1180 venuti
1120 1124 1179 1185 che
1203 1127 1245 1189 da
1267 1137 1420 1193 necessit&
1436 1158 1473 1194 tr

391 1161 499 1219 strecti
530 1173 702 1237 ruinavano
737 1180 759 1240 li
788 1189 911 1267 superbi
940 1195 1054 1277 palazi,
1089 1215 1121 1265 et
1136 1204 1166 1267 le
1192 1210 1314 1275 donate
1336 1226 1474 1277 tmvann

390 1234 578 1307 bruxavano.
621 1254 660 1315 El
682 1266 818 1340 tyranno
842 1292 906 1333 non
928 1282 1106 1347 cambativa
1127 1288 1157 1350 la
1178 1300 1273 1365 terra,
1299 1300 1344 1358 ne
1364 1312 1472 1381 portavi

388 1320 586 1392 instrumenti
601 1334 639 1397 da
651 1358 793 1424 rompere
809 1352 846 1410 nh
858 1360 1004 1423 scandere
1019 1363 1049 1426 le
1060 1390 1164 1446 mure,
1181 1397 1231 1437 rna
1246 1401 1312 1439 con
1326 1381 1472 1464 longua·

336 1489 339 1491 v
387 1404 473 1467 sedin
493 1419 525 1470 et
543 1417 682 1482 studiose
694 1432 824 1507 guardie
845 1437 1039 1510 observando
1064 1456 1136 1515 tutti
1153 1456 1174 1516 li
1190 1464 1273 1538 passi
1292 1474 1327 1525 et
1347 1465 1379 1525 le
1401 1478 1471 1545 porc

385 1502 451 1545 non
467 1487 626 1563 lassavano
648 1504 760 1573 alcuno
784 1516 902 1581 intrare
924 1526 954 1583 in
975 1527 1005 1588 la
1026 1533 1134 1602 citade.
1158 1541 1468 1624 L'iinperadorErm·
1504 1632 1505 1635 Ἴ

384 1567 470 1644 nuel,
492 1578 666 1647 vadendose
678 1589 718 1651 da
728 1603 813 1659 tante
827 1602 1016 1678 adversitade
1032 1628 1063 1675 et
1074 1622 1178 1703 inopia
1196 1626 1237 1687 de
1258 1638 1344 1691 tutte
1358 1630 1392 1691 le
1412 1652 1467 1693 case

382 1660 550 1719 necessarie
564 1669 763 1739 coinhattuto
778 1702 864 1744 senza
886 1688 997 1756 alcuno
1014 1703 1111 1779 aiuto,
1133 1727 1197 1767 non
1219 1730 1319 1791 sapen
1333 1713 1390 1776 che
1404 1716 1463 1779 lars.
1504 1738 1505 1751 *

383 1732 422 1789 nb
453 1736 484 1795 in
516 1745 588 1825 qual
621 1764 712 1831 parte
744 1780 777 1821 se
808 1764 937 1832 ‹Iovcsse
957 1780 1092 1859 voglere.
1135 1790 1259 1871 Seripse
1280 1794 1334 1856 ala
1354 1802 1462 1859 aauditi

380 1812 432 1875 del
451 1838 542 1922 papa,
563 1828 795 1928 al’isnperadore
816 1860 847 1909 ct
868 1855 901 1913 ris
921 1856 959 1917 de
981 1862 1153 1947 tiringus-is,
1172 1872 1224 1935 alo
1250 1878 1286 1935 re
1308 1880 1460 1941 deFranrr

656 1922 726 2000 prin
778 1929 788 1987 i
817 1932 1001 2018 Christiani,
1033 1954 1246 2018 notificandoli
1270 1958 1304 2019 la
1325 1972 1459 2025 abactam

380 1988 413 2039 et
433 1991 549 2063 grande
565 1946 785 2071 extremitbcllh
804 2013 1089 2107 Constantinopoli,
1119 2048 1150 2096 et
1171 2038 1230 2099 che
1253 2062 1289 2101 se
1312 2064 1379 2107 non
1402 2068 1459 2126 pto·

377 2064 554 2137 sederanno
575 2079 615 2141 de
637 2098 742 2165 presto
765 2114 926 2181 soccorso,
941 2128 996 2188 per
1015 2111 1045 2171 la
1067 2120 1182 2197 grande
1205 2122 1287 2183 same
1314 2138 1346 2187 et
1369 2128 1457 2208 inopia

375 2143 415 2205 de
438 2158 518 2216 tutte
546 2156 577 2222 le
597 2184 670 2227 cose
696 2184 848 2240 conversis
880 2185 967 2250 darse
1008 2193 1037 2253 in
1058 2218 1150 2263 muno
1171 2203 1233 2263 deli
1259 2207 1384 2271 inimici
1403 2210 1457 2271 dcli

372 2241 478 2294 uncta
491 2237 570 2305 fede.
594 2245 636 2309 Et
654 2254 718 2313 cosi
736 2259 939 2330 umiliandose
956 2271 987 2332 lo
1007 2275 1202 2358 imperadore
1226 2296 1406 2353 commosse
1423 2293 1452 2351 ss

329 2321 359 2375 51
372 2310 457 2387 pieta
484 2325 590 2388 tutto'l
612 2330 883 2411 Christianissimo.
927 2355 1050 2420 Mossesi
1072 2364 1140 2428 dale
1161 2380 1255 2450 parte
1276 2373 1321 2436 de
1342 2376 1454 2438 Ponen-

371 2392 444 2456 teli
464 2406 572 2481 grandi
593 2408 706 2479 baroni
729 2422 779 2484 del
794 2448 890 2510 regno
912 2436 951 2496 de
968 2439 995 2498 F
996 2461 1085 2506 ranza
1106 2461 1136 2510 et
1156 2454 1194 2512 de
1215 2456 1451 2536 ingilheim&

370 2474 451 2540 duca
480 2483 519 2545 de
547 2488 694 2560 Flandria
718 2508 817 2571 etde
840 2515 1016 2601 Borgogna,

369 2565 454 2621 tante
474 2566 570 2633 Italia.
612 2577 655 2639 Et
673 2586 746 2646 tutti
767 2606 944 2678 congregati

366 2645 538 2743 paviglioni
557 2675 653 2722 soura
673 2662 705 2726 le
727 2671 795 2733 rive

1047 2531 1137 2592 molti
1157 2538 1279 2618 signori
1301 2541 1385 2602 della
1403 2563 1450 2634 pos

966 2607 997 2665 in
1016 2609 1173 2696 Hungaria
1195 2641 1347 2700 exposero
1371 2623 1394 2684 li
1411 2646 1448 2684 sm

819 2679 866 2740 det
878 2683 1033 2752 Danubio.
1075 2695 1122 2757 De
1142 2709 1222 2762 tutte
1244 2715 1360 2786 queste
1378 2719 1449 2766 acuit

366 2721 540 2794 Christiane
569 2759 625 2802 era
651 2745 810 2816 dictatore
832 2761 1027 2843 sigismundo
1056 2778 1192 2860 Augusto
1211 2787 1448 2868 imperatores(

363 2806 399 2866 rb
419 2809 458 2870 de
481 2813 655 2902 Hungaria,
679 2831 708 2892 el
729 2838 819 2916 quale
838 2846 871 2904 in
901 2853 1006 2931 quello
1025 2877 1107 2922 anno
1129 2865 1161 2923 fo
1181 2868 1379 2932 incoronato
1398 2873 1448 2931 im·

360 2894 498 2967 perador
526 2901 566 2964 de
585 2905 729 3018 Romani:
755 2930 786 2979 et
806 2939 925 3002 passato
953 2937 984 2996 in
1001 2939 1141 3023 Nicopoli
1176 2947 1216 3010 da
1238 2949 1346 3014 l'altra
1365 2963 1447 3036 pult

359 2970 408 3034 det
430 2975 590 3065 Danubio,
613 2993 733 3059 ordeno
755 3000 783 3062 el
803 3026 860 3070 suo
883 3020 1033 3100 exercit03
1055 3035 1086 3086 et
1106 3031 1233 3092 essendo
1252 3039 1330 3096 tutti
1347 3057 1445 3098 arma·

267 3130 273 3148 l
359 3055 383 3115 ti
405 3059 514 3129 etben
536 3068 681 3168 disposti,

708 3096 901 3238 ‚istus
919 3098 1444 3263 testatissima

526 3253 543 3292 e
571 3235 593 3296 li
615 3243 746 3327 principi
773 3195 856 3318 etlle
888 3223 974 3327 ze’nte
996 3269 1167 3337 Christiane
1197 3279 1268 3341 dale
1288 3296 1388 3363 porte
1407 3284 1443 3344 dc

515 3317 666 3384 veuivano
689 3343 798 3398 contra
822 3339 920 3405 clauo
937 3348 1072 3425 ducato,
1093 3378 1180 3419 come
1195 3361 1296 3424 homo
1317 3368 1441 3448 inpigro

369 3465 375 3477 =
410 3466 417 3479 ·
535 3401 668 3483 audace,
701 3427 775 3476 nato
800 3420 968 3503 al'imperio
991 3444 1022 3496 et
1044 3438 1090 3498 ale
1108 3460 1178 3502 cose
1197 3446 1321 3524 grande
1343 3451 1440 3510 soler·

351 3472 490 3548 sissimo,
523 3489 665 3551 convocb
696 3495 735 3556 da
757 3501 893 3570 Levante
915 3523 992 3576 tutte
1020 3517 1051 3578 le
1069 3542 1123 3582 suc
1143 3537 1229 3588 sente
1256 3527 1439 3608 Astauene,

349 3545 420 3610 dala
442 3553 606 3645 Natholia,
626 3572 695 3637 dala
718 3581 838 3664 Grecis,
857 3600 890 3650 et
913 3597 1006 3677 quelli
1026 3601 1082 3664 che
1103 3604 1131 3664 la
1155 3610 1213 3668 ctu
1239 3621 1335 3672 tenea
1356 3635 1439 3674 ase.

348 3627 443 3700 diata.
484 3653 515 3700 st
533 3650 676 3718 ordinate
695 3660 726 3721 le
744 3685 798 3727 sue
817 3671 942 3754 schiera,
964 3702 1061 3744 venne
1079 3700 1187 3750 contra
1207 3691 1235 3752 el
1257 3715 1375 3775 campo
1398 3697 1439 3756 ἀΰ

348 3711 537 3808 Christianis
562 3741 594 3799 et
612 3753 731 3817 passata
751 3745 779 3808 la
800 3755 859 3815 etta
881 3758 919 3819 de
939 3763 1085 3847 Philippo
1109 3775 1265 3836 nominata
1286 3777 1436 3858 Philipo·

405 3801 412 3813 '
955 3847 1080 3928 Sophia.
1121 3853 1164 3913 Et
1186 3853 1290 3918 licon
1316 3861 1435 3940 grande

950 3926 968 3988 ὸ
988 3929 1017 3990 el
1030 3953 1085 3992 suo
1105 3938 1239 3998 exercito
1260 3961 1322 4018 per
1344 3963 1433 4002 cona

353 3294 496 3370 Panente

693 4071 704 4132 l
801 4082 848 4146 del
871 4087 1024 4172 batuglin,
1057 4097 1079 4157 li
1102 4101 1219 4160 exerciti
1244 4101 1335 4166 l'uno
1360 4103 1429 4164 l'al-

797 4187 837 4228 sc.
863 4169 900 4230 Li
923 4176 1056 4240 valorosi
1076 4191 1105 4242 et
1126 4180 1251 4248 franchi
1273 4187 1426 4250 Christia-
