3075 4825
429 205 488 269 nn
517 203 609 268 cnr.
639 207 736 269 nvn.
764 203 913 272 uorsa.
1135 179 1217 294 567

213 357 260 428 P.
294 379 319 438 ι,
329 359 361 430 5.
375 355 476 442 edpciv
491 347 550 420 atr
567 355 710 438 τεχνίτας
720 353 870 444 ὀρυκτάς]
888 359 1040 426 Laenicns
1050 358 1135 424 tint
1149 383 1222 446 pro·

115 437 211 504 didit
228 464 247 503 a
261 379 398 506 Saiazitis
417 442 566 523 ducibus,
588 465 653 504 aon
665 465 682 504 a
696 443 863 506 Mebemete
884 443 948 508 eiu's
962 442 1045 526 tilio,
1068 455 1222 510 tentatum

114 527 253 606 fuisse,
273 539 308 589 ut
327 528 358 588 in
380 527 552 588 libertatem
573 525 625 587 itta
646 539 850 600 assereretur,
871 531 1024 612 corruptis
1042 530 1146 612 grandi
1166 551 1222 613 pe-

117 609 223 670 cunia
257 611 402 693 Ternyris
428 609 610 686 fossoribus,
641 611 693 691 qui
713 610 888 672 cuniculum
911 609 943 673 in
967 634 1032 674 eam
1055 625 1173 694 partem
1192 615 1222 674 ia

115 715 187 774 qua
214 691 368 756 Baiazites
394 703 460 754 erat
480 703 629 775 egerunt,
650 693 837 776 demumque
859 693 889 754 in
912 699 979 777 ipso
1000 717 1091 775 opere
1112 697 1223 778 depre.

115 775 219 836 irensi
255 778 336 860 capti
359 787 444 838 sunt.
498 774 704 836 Leunclavius
737 787 769 837 et
789 777 941 840 Phr-anzes
968 777 1060 840 huius
1080 779 1223 842 facinoris

115 858 251 944 egregii
271 870 304 923 ct
325 860 448 922 audacis
466 857 584 919 nnllam
605 859 790 920 mentionem
813 859 942 922 faciunt.

214 941 258 1006 P·
267 965 284 1028 7
293 964 317 1020 r,
330 942 377 1009 15.
387 940 509 1023 aporiae
519 939 555 1003 δὲ
567 937 734 1022 παραστὰς
746 942 789 1026 rqi
799 939 918 1026 Τεμύρ]
931 943 1041 1005 Nescio
1055 943 1224 1027 quareDu·

115 1047 175 1089 cas
195 1047 329 1088 caveam
343 1028 427 1088 illam
440 1026 574 1088 ferream
594 1027 634 1086 ita
648 1025 784 1100 reticeat,
797 1035 833 1085 ut
847 1023 965 1088 nullum
978 1028 1017 1088 de
1036 1050 1073 1090 ea
1093 1029 1225 1090 verbum

116 1111 194 1192 ipse
217 1109 354 1185 fecerit,
384 1129 457 1174 cum
482 1119 622 1170 accurata
651 1109 724 1170 satis
755 1119 854 1170 cetera
880 1122 1041 1173 recenseat.
1064 1111 1223 1194 equidem,

118 1206 157 1254 ut
180 1192 276 1278 quod
293 1193 390 1256 sentio
415 1193 551 1276 aperiam
582 1213 653 1253 curn
673 1191 756 1252 bona
775 1192 1016 1256 dissentientium
1036 1197 1147 1267 venia,
1173 1215 1227 1254 ca·

117 1297 228 1339 veam
252 1276 356 1354 iiiam,
389 1273 430 1338 ad
460 1276 682 1336 immanitatem
716 1284 749 1336 et
774 1272 929 1338 saevitiam
959 1275 1227 1362 Tamyris-chuni

120 1357 399 1442 exaggerandam,
432 1369 622 1421 commentos
660 1380 725 1420 esse
748 1361 893 1439 temporis
913 1358 996 1421 iliius
1019 1360 1156 1421 homines
1177 1360 1227 1420 in·

118 1463 236 1524 genoe
260 1442 383 1520 dicam3
412 1442 461 1502 vei
481 1441 610 1504 fortasse
641 1441 773 1502 manicas
793 1441 981 1526 pedicasque
1003 1441 1137 1523 ferreas,
1157 1443 1227 1524 qui-

45 1548 47 1567 ·
120 1527 191 1673 pus
207 1534 308 1588 noctu
329 1525 521 1618 vinciebatur
540 1525 702 1606 Baiazitcs,
720 1544 847 1589 caveam
866 1525 997 1588 ferream
1019 1529 1103 1610 ipsos
1124 1525 1228 1610 appel·

134 1630 255 1678 averse.

44 1704 50 1737 ³
216 1689 425 1755 Leunclnvins
446 1689 502 1759 lib.
522 1712 540 1774 7
563 1691 776 1754 narrationem
800 1691 906 1756 Ducae
925 1693 1038 1776 partim
1058 1691 1230 1770 confirmat,

44 1788 47 1821 t
123 1787 214 1859 qnae
250 1774 289 1836 ad
310 1773 560 1836 Chotziaferuzen
595 1793 647 1836 seu
673 1774 1071 1917 Hozzapberizem-Begum
1093 1784 1228 1858 spectat,

45 1874 47 1881 ’
123 1862 239 1941 ipsum
268 1877 376 1938 nempe
406 1858 437 1917 in
471 1877 575 1940 pugna
611 1866 737 1939 captum
782 1857 869 1922 aisse.
892 1867 925 1918 at
946 1859 1003 1940 ipsi
1024 1869 1118 1940 capnt
1139 1859 1232 1920 fuisse

45 1988 46 1993 η
128 1943 308 2006 &scissum
328 1939 456 2018 omisit,
480 1939 565 2021 quod
588 1948 693 2000 noster
715 1940 831 2000 factum
850 1939 943 2002 fuisse
962 1953 1079 2002 narrat.

218 2022 259 2088 P.
272 2043 322 2105 71,
337 2043 386 2084 aa.
403 2021 477 2104 cap.
492 2042 540 2106 ry.
555 2021 621 2082 Hoc
640 2024 741 2103 capite
756 2042 805 2082 res
815 2034 942 2103 gestasa
956 2023 1092 2104 Temyre
1104 2044 1230 2084 accura-

126 2105 199 2170 tius
214 2105 320 2168 Ducas
339 2126 431 2188 quam
449 2103 652 2168 Leuncinrius
667 2113 722 2164 aut
741 2105 912 2184 Laonicus,
935 2117 1062 2167 narrata
1082 2107 1231 2188 Smyrnae

127 2191 308 2274 praecipue
329 2188 585 2271 expugnationem
603 2185 762 2265 describit,
784 2209 876 2270 quam
897 2192 1013 2270 optime
1026 2189 1067 2252 ob
1089 2187 1231 2250 locorum

44 2319 51 2333 .
127 2271 304 2348 viciniam,
322 2271 409 2334 bidui
430 2269 582 2354 siquidem
601 2272 710 2332 itinere
730 2270 845 2332 Lesbos
865 2293 883 2332 a
905 2273 1035 2354 Smyrna
1052 2271 1155 2334 dissita
1172 2281 1228 2348 est,

45 2380 54 2422 a
128 2377 231 2420 nosse
250 2354 375 2438 potnit3
410 2364 503 2437 atque
522 2351 615 2416 etiam
650 2374 684 2415 ex
706 2353 855 2437 principis
882 2353 975 2416 Lesbi
992 2375 1044 2417 seu
1070 2354 1232 2437 Mityleues

129 2440 371 2512 monumentis,
403 2441 456 2521 qui
489 2438 614 2521 Tomyri
647 2437 794 2499 honorem
815 2436 992 2521 cultumque
1013 2436 1052 2499 ad
1073 2440 1233 2503 saevitiam

44 2548 54 2588 r
129 2526 202 2587 eius
226 2520 479 2605 iracundiamque
508 2520 702 2582 devitandam
737 2521 887 2583 exhibuit.
931 2522 1033 2583 Ducas
1054 2543 1129 2585 vero
1153 2520 1234 2583 illius

129 2607 230 2669 Lesbi
250 2607 400 2689 principis
429 2605 590 2667 successori
610 2604 641 2665 in
661 2604 834 2745 praecipuis
855 2604 981 2687 negotiis
1004 2626 1126 2685 operam
1147 2624 1233 2665 snam

131 2689 284 2768 navavit,
304 2700 336 2750 et
358 2690 438 2750 inter
457 2688 522 2748 eius
542 2689 671 2749 maxime
693 2687 763 2746 fami
779 2689 856 2749 iares
873 2709 908 2749 ac
929 2687 1120 2750 consiliarios
1144 2687 1234 2749 babi-

130 2785 185 2837 tus
207 2782 268 2836 est.
317 2772 444 2834 lacobus
463 2770 567 2831 Bcsius
595 2773 626 2831 in
649 2770 718 2831 bist.
741 2770 808 2831 ord.
831 2770 957 2832 militiae
977 2771 1232 2855 Hierosolymita·

44 2893 47 2924 ;
132 2877 193 2920 nce
215 2857 383 2939 Smyrnam
413 2876 431 2917 a
458 2855 591 2937 Temyre
610 2863 814 2936 expugnatam
848 2854 939 2915 fuisse
986 2855 1123 2931 redidit,
1146 2865 1180 2915 ut
1203 2863 1234 2917 et

132 2938 296 3003 Leonicus
316 2938 371 3001 lib.
395 2940 439 3015 3,
470 2940 522 3019 qui
542 2937 680 2999 breviter
706 2936 931 3017 expeditionem
953 2878 1035 2997 iiiam
1056 2937 1182 3018 explicat
1203 2947 1234 2998 et
1242 2944 1267 2997 Ρ.
1278 2940 1330 2997 ess

45 3057 53 3096 ς
133 3024 320 3101 machinas,
356 3022 468 3101 quibus
489 3018 529 3081 nd
561 3020 688 3080 urbium
731 3021 986 3101 expugnationem
1008 3018 1151 3080 utebatur
1170 3018 1233 3081 Te.

45 3173 47 3181 ,
135 3128 234 3189 myr,
260 3104 420 3168 describit.
442 3100 646 3164 Leunclavius
659 3102 824 3185 Smyrnam
837 3110 1039 3187 expugnatam
1061 3102 1152 3177 fnisse
1173 3111 1234 3165 nou
1279 3154 1283 3163 .

45 3249 47 3258 „
134 3190 243 3252 docet.

225 3270 266 3338 P.
277 3292 327 3354 72,
337 3293 366 3355 7.
387 3266 445 3330 καί
455 3260 513 3329 cdv
535 3256 651 3339 αὖτιιῖξ
661 3262 721 3347 τήν
731 3266 895 3365 θυγατέρα
907 3264 1074 3350 Λαζάρου]
1084 3264 1236 3329 Leuncla-

45 3423 46 3436 ,
136 3357 210 3419 vius
227 3356 306 3438 lib.7
318 3354 427 3416 Lazari
441 3352 555 3429 filiam,
571 3370 652 3434 quae
669 3350 701 3412 in
716 3350 1037 3432 superioribusMaria
1052 3348 1235 3431 appellatur,

45 3491 47 3498 ,
139 3439 181 3500 nd
203 3437 382 3501 convivium
412 3434 554 3519 Tamyris
583 3432 728 3509 mandato
758 3436 863 3495 venire
894 3438 1009 3497 iussam
1029 3433 1142 3493 tradit:
1165 3453 1237 3493 cum

44 3572 55 3600 ὑ
140 3522 228 3607 apud
247 3522 407 3604 Zagataios
427 3519 554 3602 Scythas
574 3516 607 3579 id
634 3519 711 3579 vitio
730 3528 785 3577 aut
806 3515 948 3579 dedecori
970 3538 1032 3579 non
1054 3522 1237 3579 verteretur.

45 3601 47 3606 ’
141 3605 293 3671 Iniuriam
320 3603 517 3665 nihilominus
547 3600 607 3663 sibi
640 3600 709 3663 fieri
737 3600 883 3662 Baiaeites
907 3600 1071 3665 Giidernm
1095 3620 1130 3657 ex
1151 3618 1239 3658 more

44 3675 51 3696 ⁹
163 3688 245 3751 eutis
279 3706 354 3748 suae
384 3696 553 3768 reputans,
590 3682 622 3745 id
653 3687 819 3769 aegerrime
841 3682 924 3752 tulit.
966 3680 1127 3745 Videndus
1148 3680 1239 3743 ctiam

140 3711 202 3833 bac
225 3770 266 3831 de
285 3790 321 3831 re
342 3769 495 3831 Loonicus
516 3767 572 3827 tib.
596 3767 627 3829 3.

231 3852 271 3913 P.
281 3872 347 3947 pqr
358 3872 382 3917 r.
398 3842 649 3945 Ἀδραμύντιον]
659 3848 747 3913 Urbs
760 3850 913 3912 maritima
922 3847 1075 3931 Phrygiae
1086 3846 1238 3909 inferioris

145 3935 196 3998 vel
211 3934 328 4019 Lydiae
341 3935 419 3995 Asso
437 3934 552 4010 vicina,
567 3930 661 3995 hodie
675 3935 852 4017 appellatur
862 3929 1068 4014 Landn'myti,
1082 3928 1239 4011 Ephesius

45 4061 46 4066 κ
148 4018 224 4084 olim
244 4018 458 4101 metropolitae
481 4016 615 4079 subdita.
892 4062 895 4068 .

44 4104 48 4114 '
232 4104 273 4172 P.
296 4124 352 4188 yn,
381 4123 428 4185 ¹9·
466 4094 624 4185 Ἀττάλῳ]
647 4098 764 4163 Notitia
787 4094 1011 4181 patriarchatus
1026 4092 1154 4181 Cpoicos
1183 4092 1241 4157 sub
