3075 4825
271 406 430 475 tranen
461 406 711 472 miramars
749 408 947 475 saccaro(
1049 382 1136 495 467

66 583 194 625 scvercvo
207 565 461 625 continuanrcnte
472 563 545 624 doni
555 574 585 623 ct
599 562 705 644 grandi
717 563 867 645 presenti.
879 562 922 623 Et
930 572 1035 646 quflttt
1048 584 1099 624 cra
1112 565 1141 626 la

67 661 134 709 voco
153 648 190 708 de
210 652 283 728 ogni
302 648 406 723 homo,
428 646 485 707 che
505 667 566 706 non
580 647 729 729 inganava
748 649 872 725 nisano,
892 646 951 707 che
967 644 1034 707 cali
1049 648 1141 708 Baria

62 750 108 790 era
124 740 297 809 protectore
312 730 351 791 de
370 732 443 790 tutti
457 727 602 790 l’inlideli.
624 729 694 790 Alla
706 750 798 811 greve
811 726 964 791 domanda
979 730 1027 790 del
1040 730 1141 791 duclla

61 822 159 892 questa
179 814 210 873 lo
232 812 261 875 la
283 823 420 894 resposta
441 810 491 873 del
513 834 567 873 suo
590 812 674 872 savio
696 812 799 873 Basia.
841 813 922 885 Dio,
951 815 978 873 el
1000 813 1091 895 quale
1110 827 1141 874 tc

63 894 96 955 lla
116 896 187 957 dato
210 898 239 957 la
261 892 365 957 m'azor
393 904 481 977 parte
501 894 579 955 della
598 906 683 956 terra
713 895 745 954 di
767 894 893 969 Romei,
916 912 982 955 esso
1009 906 1040 959 te
1065 896 1141 957 dara

60 978 150 1040 ancha
171 979 201 1041 la
230 982 312 1058 cita3
341 980 370 1039 la
398 981 487 1061 quale
517 976 546 1037 al
570 998 660 1059 parer
691 978 754 1039 mio
780 1000 844 1039 non
866 978 960 1038 luzici
979 978 1019 1039 da
1038 980 1068 1041 le
1087 990 1141 1041 tue

60 1078 141 1123 mane
173 1084 235 1123 con
267 1062 300 1123 ln
330 1064 413 1125 aiuto
441 1061 549 1123 dedic
571 1071 602 1121 et
623 1060 703 1123 della
730 1073 786 1123 tua
804 1062 951 1142 potentia.
991 1062 1035 1123 Et
1057 1065 1088 1122 io
1109 1074 1142 1123 et

59 1144 126 1203 tutti
147 1144 169 1204 li
188 1147 236 1206 toi
264 1149 342 1207 servi
362 1156 394 1206 te
424 1145 551 1207 daremo
577 1143 661 1205 aloto
690 1164 753 1205 non
774 1146 942 1205 solamente
962 1164 1020 1205 oon
1044 1144 1074 1205 le
1094 1145 1141 1206 sa·

57 1226 163 1289 cultate
196 1238 229 1290 et
264 1228 385 1303 dinan,
422 1250 473 1289 rna
501 1248 560 1289 con
592 1226 612 1285 li
633 1248 670 1288 co
711 1226 720 1285 i
751 1236 782 1288 et
803 1226 855 1288 col
875 1248 929 1289 san
952 1248 991 1287 ue
1014 1237 1137 1303 nostro,

57 1310 183 1371 azoch'el
206 1322 259 1373 tuo
280 1314 418 1394 pensiero
432 1309 651 1392 consequischa
671 1248 898 1395 iidesydcrato
912 1248 1031 1371 eiecto.
1054 1312 1140 1388 Que-

55 1402 97 1453 ste
122 1394 234 1476 parole
254 1396 356 1456 hanno
383 1395 544 1456 humiliato
566 1391 709 1475 alquanto
730 1392 759 1455 la
779 1393 845 1455 fera
868 1394 998 1475 pessima
1015 1385 1140 1455 salvati·

56 1496 107 1551 ca3
129 1480 157 1537 la
178 1477 268 1560 quale
289 1498 347 1539 con
369 1479 455 1539 volto
477 1486 509 1538 et
529 1476 635 1559 parole
654 1477 709 1559 pits
732 1476 868 1538 humane
886 1476 977 1538 dissi:
999 1476 1138 1551 reditu,

55 1560 131 1636 Cali,
154 1572 262 1642 questo
279 1565 429 1640 cassino?
462 1560 558 1622 Tutta
582 1560 612 1621 la
633 1572 721 1621 nocte
742 1558 805 1643 l’lro
827 1569 963 1633 meanto,
986 1558 1141 1621 tirsndolo

52 1640 90 1700 da
112 1664 175 1704 uno
207 1652 338 1705 cantone
364 1642 414 1705 del
445 1645 522 1705 lecto
544 1643 607 1704 fine
638 1642 755 1705 al’altro
776 1655 809 1705 et
826 1644 866 1706 da
908 1643 990 1705 nello
1011 1640 1141 1705 al’altro.

51 1722 182 1786 lacendo
204 1738 236 1789 et
258 1726 389 1789 levando
411 1747 519 1788 somno
545 1724 601 1787 olli
621 1727 710 1788 occhi
730 1730 792 1788 mei
812 1666 915 1789 noni
937 1734 1063 1787 venato.
1084 1726 1143 1786 Di-

49 1826 86 1866 co
107 1808 271 1892 adunque,
293 1811 378 1887 cali,
402 1826 459 1872 oro
482 1830 502 1870 o
523 1831 558 1869 ar
577 1819 649 1871 ento
671 1830 732 1871 non
754 1821 785 1870 te
803 1808 933 1891 prendo.
974 1810 1081 1869 Gratia
1103 1808 1143 1871 nc

47 1892 184 1953 amicitia
217 1893 256 1953 de
277 1892 390 1954 alcano
418 1914 484 1953 non
505 1902 536 1952 te
558 1830 651 1953 irena
673 1893 800 1954 lontano
815 1893 858 1953 'da
878 1892 908 1952 la
928 1902 1066 1972 resposta
1085 1892 1143 1953 che

44 1970 121 2034 hora
143 1994 196 2035 me
218 1974 270 2035 hai
291 1976 380 2041 lacto.
424 1976 477 2035 Ma
499 1974 596 2035 ferma
617 1974 646 2035 la
665 1986 785 2050 mente,
806 1985 838 2035 et
858 1974 1040 2035 tonemente
1058 1992 1143 2035 com·

42 2054 185 2117 battamo
206 2053 241 2116 la
261 2058 346 2137 cita;
369 2055 398 2118 la
418 2054 508 2141 quale
529 2076 620 2139 spero
640 2059 671 2117 in
685 2058 736 2118 dio
756 2056 829 2118 etla
850 2058 1069 2118 intercessione
1090 2056 1143 2117 del

41 2140 200 2221 propheta
231 2138 289 2200 che
321 2140 375 2202 noi
406 2138 437 2199 la
459 2142 691 2222 acquistaremo.
732 2139 802 2200 Con
822 2148 931 2222 queste
948 2137 1090 2200 allectivc
1110 2148 1144 2201 ct

44 2226 192 2303 spinoso,
222 2221 312 2283 dolce
344 2234 374 2285 et
399 2242 502 2284 amare
530 2219 637 2305 parole
661 2222 725 2283 fece
757 2230 842 2283 stare
863 2222 930 2284 Gali
950 2221 1142 2303 stupefacto,

45 2306 90 2365 col
112 2324 236 2387 sangue
260 2305 366 2368 seccho
396 2326 456 2389 per
475 2304 506 2368 le
524 2324 623 2384 vene3
653 2302 682 2365 la
703 2306 850 2366 memoria
870 2302 907 2365 e’l
928 2323 1002 2365 coro
1022 2306 1144 2365 alllicto.

45 2388 97 2470 poi
120 2388 343 2452 licentiandolo
365 2388 468 2451 disses
490 2404 529 2450 ra
551 2390 582 2449 in
605 2408 688 2470 pace.
713 2388 756 2450 Bt
777 2408 843 2450 esso
864 2381 896 2450 dl
917 2395 950 2448 et
971 2397 1062 2448 nocte
1081 2392 1202 2450 nansia

45 2493 171 2534 cessara
190 2470 273 2533 dalle
286 2474 428 2554 pincture
444 2483 475 2534 et
495 2471 636 2554 desegni,
660 2471 846 2555 designando
871 2470 901 2531 la
921 2471 1042 2545 citade‚
1061 2470 1144 2531 onde

43 2555 134 2617 debia
157 2559 303 2638 piantare
322 2555 349 2616 le
363 2577 417 2616 sue
428 2555 610 2627 bomborde,
635 2555 674 2616 da
689 2555 762 2637 qual
780 2565 871 2637 parte
884 2555 942 2614 dar
960 2551 990 2614 la
1010 2552 1143 2634 bstagtia

43 2649 73 2698 et
93 2661 155 2700 con
180 2639 213 2700 le
236 2639 376 2699 machine
396 2648 428 2700 st
448 2640 547 2700 hastis
570 2647 785 2715 contrastare,
808 2649 840 2700 et
862 2628 891 2698 le
905 2637 986 2698 scale
1004 2647 1144 2697 acostare

43 2720 103 2784 alle
124 2745 224 2784 mura
245 2722 325 2782 della
348 2733 438 2784 terra.
493 2723 589 2784 'fatte
609 2721 638 2782 lc
656 2741 729 2784 cose
751 2720 808 2781 che
829 2722 858 2781 la
878 2732 968 2782 noctc
989 2739 1143 2800 pensare,

44 2803 71 2864 la
93 2807 219 2866 matina
242 2825 301 2866 oon
322 2803 495 2867 festinantia
519 2805 622 2866 lacera
648 2823 791 2886 operare.
812 2805 864 2864 Ma
885 2801 979 2886 quelli
1001 2801 1079 2862 della
1101 2803 1147 2861 ci-

40 2890 123 2960 lsdc,
154 2889 322 2952 sollicitati
356 2887 395 2950 da
424 2889 479 2971 piir
507 2888 592 2971 grevi
622 2896 654 2948 et
674 2887 728 2969 pisi
756 2889 853 2948 amari
890 2887 1043 2968 persicci,
1062 2884 1093 2944 <li
1113 2893 1145 2945 et

40 2983 134 3034 nocte
170 2972 387 3054 invigilavano
416 2991 505 3033 come
536 2989 668 3052 possano
700 2967 820 3032 salvare
840 2969 869 3030 la
888 2970 947 3028 citi
969 2969 1038 3027 dale
1057 2987 1146 3028 mane

40 3055 78 3116 de
99 3055 379 3119 Bucchadenosor.
440 3055 486 3114 Lo
508 3053 684 3135 imperador
703 3053 800 3114 havca
821 3055 855 3112 an
877 3050 1021 3110 mandato
1041 3049 1067 3110 el
1089 3071 1145 3110 suo

40 3139 141 3220 legato
176 3163 195 3200 a
221 3139 325 3198 Roma
350 3135 389 3196 ad
418 3136 592 3198 domandae
619 3137 753 3196 clutorio
762 3181 773 3212 ,
805 3146 836 3195 et
863 3134 919 3194 che
940 3132 1049 3194 volcva
1069 3152 1146 3192 con-

40 3225 158 3284 sentire
189 3221 257 3283 alla
285 3231 388 3281 sancta
414 3222 531 3281 unione
561 3217 714 3280 celebrata
746 3241 763 3278 a
793 3219 953 3278 Fiorcnaa.
998 3217 1038 3275 Et
1064 3237 1144 3296 pro.

40 3318 176 3368 mcttcva
201 3308 254 3366 sar
277 3323 520 3364 commemorare
539 3303 567 3363 cl
585 3323 664 3384 papa
686 3299 766 3360 nclle
787 3321 883 3362 messe
903 3298 1041 3360 sollemni
1064 3303 1094 3358 in
1118 3298 1144 3358 la

40 3392 166 3451 ecclcsia
200 3410 255 3449 ma
299 3409 340 3465 a,
370 3397 403 3448 et
436 3385 512 3446 ch’el
534 3383 710 3468 patriarcha
733 3385 888 3465 Gregorio
918 3381 998 3445 seria
1022 3391 1145 3462 reposto
1181 3390 1184 3397 '

40 3473 66 3532 in
93 3473 124 3534 la
148 3495 212 3534 sua
236 3409 398 3532 cffitrcda.
429 3489 570 3551 appresso
587 3465 781 3528 domandava
803 3466 879 3527 cls'cl
904 3486 983 3548 papa
1003 3465 1145 3525 mandas-

40 3577 66 3614 se
98 3557 248 3640 qualche
274 3553 387 3636 grande
421 3552 544 3634 prelato
575 3551 700 3614 alevar
727 3551 754 3610 la
775 3549 863 3614 sisma
885 3563 916 3610 et
936 3549 967 3610 la
987 3546 1146 3608 irrimlcitia

40 3639 91 3700 che
112 3661 172 3703 era
194 3651 251 3700 tra
274 3635 365 3697 Greci
384 3643 415 3697 ct
438 3636 553 3702 Latini.
607 3635 691 3714 Papa
712 3633 845 3712 Nicolir,
863 3632 891 3693 el
911 3631 1001 3715 quale
1024 3633 1053 3690 in
1075 3629 1147 3710 quel

40 3733 143 3806 tempo
169 3719 290 3804 regnis
309 3720 338 3780 cl
358 3729 536 3801 pastoratu,
573 3717 686 3778 mando
710 3717 829 3777 Isidoro
846 3711 1006 3776 Cardinale
1028 3713 1066 3773 dc
1089 3715 1147 3772 Sa·

40 3805 131 3886 bina,
156 3802 392 3868 archivescovo
414 3803 452 3862 de
475 3801 603 3878 Bossia,
623 3802 721 3861 Groco
742 3821 799 3882 par
817 3801 933 3943 patria,
953 3795 1047 3856 homo
1068 3791 1148 3853 mol-

40 3911 64 3950 :0
86 3893 183 3952 savio
211 3895 249 3950 et
272 3883 365 3946 docto
385 3887 417 3944 in
441 3883 468 3946 la
487 3905 570 3946 sacra
592 3883 746 3964 scriptura
765 3881 847 3943 dela
868 3883 935 3942 sede
955 3876 1146 3958 evangelica3

40 3983 63 4032 at
85 3973 118 4035 so
144 3993 218 4035 uno
258 3967 330 4028 delli
353 3969 487 4029 antistite
505 3965 645 4050 prefecto
668 3965 699 4026 in
720 3965 749 4026 la
769 3987 856 4026 sacra
876 3969 990 4025 unione
1010 3961 1146 4022 Fiorcn.

40 4058 121 4136 ina,
147 4075 256 4118 come
278 4051 306 4112 el
326 4073 447 4113 sermon
468 4051 590 4112 davann
612 4049 651 4111 ha
677 4049 875 4114 demostrato.
917 4047 1034 4122 Questo
1057 4064 1145 4105 reve·

40 4141 233 4204 ·cndissimo
251 4134 417 4196 Cardinale
440 4135 545 4194 nolczb
572 4153 634 4194 nna
653 4155 758 4212 grossa
782 4153 859 4192 nave
880 4131 1016 4189 Zenmse
1036 4137 1068 4188 et
1091 4148 1144 4188 an·

40 4221 71 4282 lo
96 4224 130 4286 in
155 4225 266 4292 A'sio‚
290 4218 369 4280 dove
389 4221 502 4299 scripse
522 4217 606 4278 molti
632 4214 766 4277 valorosi
790 4209 1004 4296 provisionati,
1024 4223 1053 4272 et
1073 4228 1203 4285 car-253

40 4307 66 4366 :li
88 4309 120 4369 la
147 4325 242 4369 rravc
266 4303 304 4364 de
325 4301 499 4365 munitione
520 4311 551 4363 ct
573 4299 737 4376 victualis,
768 4309 798 4358 et
818 4296 929 4380 navigo
950 4315 969 4356 a
989 4294 1143 4356 Comtan.
