3075 4825
221 394 225 403 ·
298 379 458 449 rrauca
485 367 737 443 inraarnara
776 376 968 444 incenso.
1084 352 1168 467 4¹7

93 536 137 598 alc
156 534 271 616 insula,
301 559 318 597 a
345 554 447 595 cereae
467 552 535 593 cose
555 531 745 597 medicinale.
802 533 853 595 Ma
878 532 1093 611 Mecbemetb,
1114 534 1172 597 elie

92 618 239 701 prendere
268 620 294 679 le
330 619 455 699 potione
479 616 517 675 ad
544 636 675 677 evacaar
697 616 726 676 lc
747 616 890 677 intestine
907 627 937 677 et
958 617 995 676 ad
1018 617 1173 679 instauror

92 702 120 762 cl
138 703 285 785 polmone
306 700 341 761 e'l
362 702 471 771 ficato,
495 719 546 759 era
583 708 663 759 stato
686 708 793 761 averto
818 698 847 759 el
867 720 924 761 suo
945 708 1073 776 ventre,
1093 712 1123 761 et
1143 701 1172 762 le

90 786 228 846 intestine
249 796 355 847 cavate
374 783 441 843 fora
465 780 514 842 dcl
536 802 631 863 corpo
646 781 787 862 sepellire
809 785 840 842 in
854 790 935 843 terra
948 830 958 861 ,
973 784 1006 843 in
1027 805 1094 845 casa
1116 784 1173 844 do-

90 888 126 927 ve
146 872 237 933 iacen.
280 868 319 929 El
350 886 445 946 corpo
471 874 656 925 certaments
678 886 738 925 con
766 866 875 927 mirari
898 864 963 925 liosi
991 868 1119 927 aromati
1142 876 1173 929 et

88 952 213 1031 pretiosi
232 947 410 1033 opobalsimi
425 952 544 1023 innato,
567 958 597 1009 et
619 948 759 1008 involuto
780 950 811 1009 in
832 888 1000 1009 riciissima
1021 950 1171 1029 sindone,

90 1034 118 1093 lo
140 1046 227 1116 posto
246 1036 278 1094 in
298 1052 360 1094 ano
382 1031 460 1092 lecto
481 1041 588 1092 ornato
612 1030 650 1091 de
667 1028 779 1113 drappi
801 1031 897 1104 doro,
924 1052 1010 1093 come
1029 1053 1063 1093 se
1083 1034 1173 1095 infir·
1213 1109 1216 1114 Ι

90 1138 138 1176 mo
158 1119 296 1179 vivesse:
327 1124 408 1176 tutte
435 1124 541 1197 queste
570 1134 639 1175 cose
672 1113 780 1174 sorono
806 1113 947 1177 simulate
977 1136 1034 1175 coa
1055 1114 1173 1197 grande

88 1202 281 1279 providentia
315 1210 345 1259 et
373 1208 438 1258 arte
470 1196 509 1257 da
541 1196 593 1269 dni
614 1196 775 1278 principali
807 1198 950 1259 Visirides
973 1210 1002 1258 et
1021 1198 1073 1259 doi
1093 1201 1233 1281 puttiisg

90 1283 166 1342 servi
198 1284 249 1344 del
282 1280 409 1365 paleao;
436 1279 457 1339 li
488 1279 571 1363 quali
604 1300 668 1339 aon
704 1281 844 1341 uscirono
863 1283 923 1341 mai
941 1276 1031 1353 lora,
1054 1282 1092 1342 ab
1114 1304 1173 1343 con

88 1364 198 1427 alcano
219 1360 360 1427 hebbeno
386 1363 512 1445 podesu
542 1362 581 1423 de
602 1362 736 1443 pariare.
759 1374 788 1424 ct
809 1375 916 1445 questo
937 1365 1068 1445 perche,
1090 1386 1124 1425 se
1143 1364 1174 1428 la
1259 1409 1261 1414 -

88 1459 191 1509 morte
213 1448 263 1511 del
282 1449 420 1530 principe
441 1447 518 1507 sosoe
542 1446 636 1506 inlesa
660 1443 734 1505 dalli
756 1447 860 1529 populi
884 1456 914 1506 et
936 1458 1021 1507 zente
1038 1450 1174 1509 circum·

89 1542 214 1605 stante,
241 1534 351 1607 Greci,
371 1531 476 1607 Servi,
497 1530 680 1604 Venetiani,
705 1530 855 1609 Zeauesi,
876 1538 906 1590 et
927 1528 975 1589 dal
998 1531 1173 1609 Caraman,

89 1612 222 1676 chaere
252 1617 282 1673 in
313 1616 404 1689 Asia,
432 1614 553 1687 Mor-at,
585 1612 700 1673 herede
727 1612 776 1675 del
798 1612 928 1693 ducato,
959 1609 987 1673 el
1009 1613 1100 1696 quale
1121 1635 1175 1675 era

91 1696 123 1754 in
146 1699 168 1756 li
189 1698 301 1759 confini
321 1696 390 1757 dela
411 1696 534 1771 Persia,
557 1716 617 1755 noo
640 1696 718 1755 seria
740 1708 866 1779 possuto
888 1698 992 1756 venire
1012 1718 1069 1779 per
1089 1706 1174 1760 tante

88 1783 243 1858 provintie
271 1780 330 1841 alla
356 1780 438 1840 cedia
468 1790 611 1861 paterna;
649 1778 763 1860 grande
783 1778 918 1841 tumultu
938 1782 1016 1840 seria
1036 1779 1175 1842 nasciuto

86 1861 133 1921 nel
169 1864 344 1944 principato
381 1872 411 1923 et
440 1859 603 1922 rebellione
633 1861 712 1923 ncllo
739 1863 893 1940 exercit03
915 1860 944 1922 el
966 1862 1114 1922 Car-aman
1137 1862 1177 1923 lr-

84 1948 328 2005 centiosamente
362 1945 487 2004 bavaria
517 1943 642 2005 turbata
673 1956 703 2005 et
724 1944 893 2005 subvertite
915 1954 994 2004 tutta
1015 1944 1132 2028 l'Asia3
1153 1943 1178 2007 li

82 2026 260 2086 Christiani
290 2026 454 2086 baveriano
484 2023 654 2106 expopulati
682 2028 755 2086 tutti
788 2028 809 2087 li
832 2025 950 2087 'l'urcbi
973 2026 1029 2087 che
1048 2049 1124 2088 sono
1144 2031 1178 2089 iu

80 2110 208 2191 Tracya
234 2118 267 2169 et
296 2108 410 2169 menati
429 2108 460 2167 in
480 2107 644 2189 captivitb3
667 2107 687 2167 li
714 2110 805 2169 Greci
825 2108 1014 2170 ascendendo
1034 2111 1065 2169 in
1088 2130 1179 2191 pros·

78 2192 186 2273 perita
221 2190 353 2251 beverla
389 2200 569 2272 recuperata
601 2200 684 2251 tutta
711 2188 741 2250 la
763 2191 914 2252 Romania
948 2200 980 2252 et
1000 2191 1101 2252 tatto'l
1122 2212 1179 2253 suo

83 2276 235 2357 irnperio.
258 2272 462 2336 Provedendo
482 2271 624 2357 adunque
644 2294 661 2333 a
684 2274 755 2333 tutti
780 2276 879 2357 questi
897 2274 968 2333 mali
989 2294 1044 2353 per
1065 2272 1094 2333 la
1116 2273 1182 2333 dis·

83 2358 232 2420 simulata
266 2368 363 2418 morte
380 2356 419 2418 de
439 2356 628 2418 Meebemeth
642 2354 704 2431 bei,
736 2376 794 2438 per
816 2378 879 2418 ano
901 2354 1091 2418 velocissimo
1109 2375 1181 2417 cor.

87 2441 200 2503 redore
232 2442 424 2502 nautiarono
453 2441 594 2500 aMorat
624 2437 802 2500 demorante
831 2441 863 2500 in
885 2441 1007 2500 Amasis
1031 2441 1058 2500 la
1080 2447 1181 2500 morte

86 2523 136 2584 del
159 2535 265 2606 patre.
307 2523 421 2584 Passati
449 2527 614 2606 cinquanta
634 2523 677 2596 dl,
702 2521 879 2594 sinuatio,
903 2521 1045 2606 elquale
1066 2521 1183 2584 bavoa-

87 2627 128 2666 no
162 2606 337 2686 mandato,
367 2605 477 2677 tornb,
508 2605 701 2666 renuntiante
722 2605 780 2666 che
801 2607 903 2666 illorat
922 2607 1043 2666 veoiva.
1073 2605 1116 2666 Et
1134 2625 1182 2666 es·

87 2689 186 2752 sendo
216 2699 334 2751 venato
354 2711 476 2772 apresso
501 2689 611 2749 Parsia
644 2687 685 2748 ad
705 2709 767 2748 ano
787 2687 911 2748 castello
936 2689 1093 2748 nominato
1115 2690 1182 2750 Me·

87 2769 192 2849 laida,
216 2774 319 2834 Morat
341 2769 454 2834 mandb
477 2768 583 2832 lettere
605 2769 643 2830 ed
666 2769 813 2846 Paiasitb,
835 2769 1056 2854 significandoli
1077 2768 1105 2831 el
1126 2791 1183 2831 sao

86 2875 220 2918 zoazere
253 2855 284 2915 in
305 2855 437 2930 Parsia,
474 2866 504 2916 ct
523 2851 756 2915 comendandoli
787 2852 862 2914 cb’el
885 2856 1003 2914 venisse
1020 2855 1052 2912 in
1072 2853 1184 2914 Parsia

85 2959 143 2999 con
165 2941 246 3000 tutti
268 2936 290 2998 li
311 2936 405 2998 nobili
428 2935 476 2998 del
496 2936 616 3020 palaea,
641 2947 672 2998 et
693 2947 832 3018 portasse
854 2934 883 2998 el
904 2936 1035 2997 cadaver
1055 2933 1104 2996 del
1124 2957 1181 2996 sao

86 3032 199 3102 patre,
237 3020 270 3082 el
300 3021 390 3104 quale
417 3019 518 3080 voliva
539 3020 586 3080 far
607 3019 860 3080 honoratamente
893 3017 1055 3100 sepellire,
1078 3028 1109 3078 et
1128 3019 1183 3099 poi

85 3105 167 3166 sarse
198 3103 409 3188 pronuntiare
437 3103 514 3163 daca
547 3101 596 3162 del
623 3100 735 3162 ducato
767 3102 807 3162 de
829 3121 883 3161 sao
904 3111 1006 3181 patre.
1047 3101 1184 3162 Paiasitb

85 3201 235 3250 rezevuta
260 3197 290 3246 et
310 3185 386 3247 lecta
408 3185 437 3246 la
452 3186 555 3246 lettera
575 3203 632 3260 con
652 3185 770 3266 grande
789 3182 995 3244 consolatione
1017 3193 1047 3242 et
1069 3184 1185 3265 alegre-

83 3291 139 3347 za,
164 3270 194 3332 la
220 3269 343 3331 matina
373 3279 520 3351 sequente
547 3267 696 3327 sentaudo
722 3287 780 3347 per
811 3264 969 3327 tribunale
990 3288 1047 3326 con
1071 3271 1143 3328 tutti
1163 3267 1186 3327 li

84 3357 207 3437 satrapi
242 3362 279 3414 et
309 3351 405 3411 nobili
433 3349 513 3412 dolla
534 3359 640 3426 corte,
671 3360 702 3410 et
722 3371 780 3409 oon
813 3370 875 3408 non
905 3348 1022 3430 piccola
1045 3360 1135 3430 parte
1154 3349 1187 3409 di

85 3438 214 3498 citadini
241 3435 285 3496 de
307 3434 527 3517 andrinopoli,
548 3434 608 3495 cosi
630 3430 837 3493 contionando
858 3431 948 3492 disse.
989 3434 1018 3492 Ο
1041 3433 1187 3493 buomeni

85 3520 240 3598 valorosi,
268 3537 327 3578 non
342 3517 466 3600 bisogna
487 3518 542 3578 obe
562 3517 592 3577 io
608 3516 646 3576 ad
665 3515 715 3579 voi
736 3535 943 3574 commemora
956 3515 994 3574 da
1008 3515 1065 3576 chb
1084 3515 1188 3576 infima

85 3613 117 3662 et
145 3603 280 3666 abiecta
301 3601 472 3661 conditione
492 3601 530 3660 ad
559 3610 664 3682 questa
691 3597 846 3658 eminente
874 3598 998 3658 fortuna
1018 3601 1070 3657 noi
1092 3600 1188 3658 siamo

84 3689 155 3746 stati
178 3682 348 3762 exaltati,
372 3683 451 3743 l'allo
473 3682 523 3743 dio
544 3683 721 3765 disponente
745 3678 781 3741 e’l
802 3679 948 3761 propbeta
970 3681 1187 3741 intercedente.
1201 3691 1249 3742 ι3ο

86 3769 182 3830 Parte
207 3769 253 3828 cle
274 3766 329 3826 voi
351 3765 379 3826 el
401 3777 502 3848 sapete
519 3765 559 3826 da
579 3767 629 3826 voi
650 3763 829 3839 medesimi,
850 3774 938 3844 parte
959 3764 989 3824 lo
1008 3763 1117 3823 bavete
1139 3765 1188 3822 in-

85 3860 152 3913 teso
191 3849 265 3912 dali
292 3851 386 3910 vostri
416 3851 546 3923 mazori,
576 3868 663 3909 come
686 3867 747 3906 non
775 3867 850 3906 sono
872 3847 1007 3906 encbora
1028 3846 1086 3904 LX
1118 3845 1189 3905 anni

87 3937 203 4013 passati
229 3931 292 3993 ebe
314 3931 334 3990 li
358 3931 556 3992 Othomanidi
573 3950 739 4012 passarono
760 3927 791 3988 lo
812 3940 923 3989 strecto
945 3927 994 4012 del
1010 3925 1190 4009 Hellespon·

88 4025 120 4076 to
144 4029 177 4079 et
199 4025 289 4080 tutta
312 4015 421 4074 Traeis
442 4016 667 4096 acquistarono.
711 4013 756 4071 La
780 4013 892 4072 Grecis
914 4019 945 4070 et
968 4009 996 4070 le
1017 4010 1123 4070 Servis
1142 4011 1189 4072 lc·

88 4121 162 4160 cero
186 4097 371 4161 tributarie.
411 4097 450 4156 Li
473 4095 622 4158 Vulacchi
643 4107 830 4170 veramente,
854 4093 876 4153 li
898 4091 982 4174 quali
1004 4113 1077 4152 soao
1098 4093 1136 4154 de
1161 4093 1190 4154 le

91 4181 143 4241 dal
167 4179 341 4251 Danubio,
364 4179 385 4239 li
407 4179 515 4249 Unni,
541 4178 570 4239 la
591 4189 680 4260 gente
700 4176 779 4236 della
801 4191 961 4236 numerosa
984 4175 1137 4249 Albania,
1160 4187 1190 4236 et

90 4274 174 4328 tatta
199 4265 233 4325 la
267 4261 408 4346 Balgarie
440 4261 603 4334 rediaseno
633 4261 665 4322 in
696 4260 825 4321 servitia.
876 4257 919 4320 Et
952 4279 1013 4320 aon
1034 4258 1188 4322 lrabiaado
1213 4343 1220 4354 ἱ

204 4379 311 4434 Duces.
1025 4389 1058 4442 a7
