3075 4825
368 243 460 360 496
532 265 535 275 ’
733 265 872 334 nucia
898 265 1094 334 nrsroma

370 435 404 490 et
422 423 462 486 da
482 439 589 506 presso
612 417 642 482 al
662 438 719 483 suo
739 421 867 504 imperio
888 440 1025 483 vennero
1044 419 1082 482 ad
1102 418 1244 482 mintnrlo
1260 461 1270 498 ,
1288 418 1406 502 gratulan-

369 511 442 570 dose
461 527 481 566 a
501 505 548 568 lui
567 501 647 565 della
676 503 791 565 havuta
813 505 951 565 victoria.
992 505 1043 564 Ma
1062 523 1207 586 pensamo
1226 524 1278 564 oco
1297 505 1353 585 qual
1369 525 1406 564 en-

370 613 418 670 ne,
439 611 496 652 con
518 587 575 648 che
598 586 712 648 boccho
733 597 764 648 et
785 607 839 647 con
861 587 918 648 che
940 583 1026 652 lahri.
1052 587 1116 648 Con
1139 586 1168 647 la
1192 597 1287 648 mente
1303 585 1407 646 simma

370 685 553 758 prestavauo
574 671 788 748 obhedientia,
808 679 838 730 et
856 691 912 730 eon
934 671 1020 730 molti
1041 669 1177 750 presenti
1196 684 1227 731 et
1252 668 1328 732 molti
1344 669 1407 740 dni,

370 779 434 820 non
454 777 514 838 per
541 774 664 828 amore,
703 773 753 812 ma
790 774 847 834 per
877 753 960 814 forna
982 763 1013 814 et
1036 775 1088 834 per
1116 775 1222 834 paura.
1261 752 1296 814 El
1312 762 1408 833 tyranno

370 841 535 903 victorioso
568 846 653 898 stava
684 833 762 895 eolla
794 836 913 896 cervice
944 834 1060 896 ultast
1090 837 1230 918 superba.
1267 836 1299 896 Li
1315 835 1408 916 principi

371 945 450 986 vero
474 920 638 982 Christiani
657 928 784 978 atavano
805 917 906 999 pavidi
930 930 961 980 et
984 919 1144 996 trementi,
1165 918 1319 1001 spectando
1337 917 1359 978 la
1372 937 1408 978 au

370 1009 510 1070 vicentia.
561 1003 694 1083 Respose
729 1001 874 1084 adunque
902 1004 1141 1084 primerameute
1166 998 1364 1064 al’nmbaxador
1382 999 1408 1059 de

371 1089 482 1151 Servio
506 1086 562 1148 che
583 1085 656 1167 ogni
685 1105 767 1144 auno
787 1087 905 1146 donasse
925 1084 955 1148 al
977 1084 1111 1147 duchato
1133 1083 1173 1146 de
1193 1085 1354 1147 Musnlmani
1370 1102 1408 1142 nn·

365 1175 514 1236 mismatn
535 1168 597 1230 ΧΠ
617 1165 711 1233 milia.
767 1168 804 1228 Li
826 1167 940 1250 dispoti
961 1167 1000 1228 de
1018 1167 1213 1250 Peloponcso
1233 1168 1260 1228 X
1279 1165 1347 1226 milia
1361 1166 1409 1244 ogni

372 1276 467 1332 anno,
488 1265 518 1314 et
541 1251 599 1312 che
617 1271 757 1333 inano
779 1271 837 1310 con
862 1251 934 1312 doni
957 1251 996 1310 ad
1016 1249 1146 1312 inclinar
1164 1250 1223 1312 alla
1241 1272 1290 1312 sua
1304 1249 1408 1331 signarit.

372 1339 409 1398 Li
431 1337 547 1420 signori
568 1334 607 1394 de
629 1335 707 1394 Chio
726 1332 869 1416 pagheno
893 1334 936 1394 Vl
969 1332 1051 1394 milia
1070 1337 1250 1398 numismata
1270 1335 1332 1415 ogni
1347 1350 1408 1390 anna

371 1420 411 1482 El
432 1421 540 1503 eignor
559 1417 598 1478 de
622 1414 754 1477 Mitilino
775 1417 818 1476 lll
834 1415 918 1477 milia
940 1417 1121 1478 numismata
1145 1420 1218 1501 ogni
1239 1437 1320 1477 auno.
1339 1409 1409 1490 Quali

374 1501 415 1564 de
433 1498 653 1582 Trapesonda,
685 1508 716 1560 et
735 1502 807 1560 tutti
832 1499 888 1561 che
908 1499 1053 1561 hahitauo
1074 1522 1196 1582 apresso
1217 1501 1320 1561 elmar
1334 1497 1410 1558 Ponti-

371 1604 598 1728 {tulisti
615 1601 798 1747 iiiiii
817 1583 1003 1749 t⁰tlt33⁰
1023 1581 1288 1730 &diffidi
1304 1579 1410 1726 ilii

370 1753 481 1811 xiatori
502 1749 552 1810 del
578 1749 698 1830 dispoto
719 1748 799 1810 della
818 1748 943 1824 Servia,
981 1758 1011 1808 et
1031 1747 1186 1812 habiando
1210 1749 1281 1812 dato
1300 1746 1319 1808 li
1335 1746 1409 1806 trihnh

370 1835 479 1916 quami
500 1833 639 1893 doveano
673 1830 767 1906 dare,
798 1853 853 1914 per
884 1831 1095 1894 commissione
1117 1833 1168 1896 del
1188 1833 1303 1916 dispote
1323 1825 1410 1907 aingio

310 1917 477 1985 315feceno
500 1915 617 1999 grande
647 1913 806 1975 elimosina
837 1917 868 1974 in
901 1913 1128 1997 Andrinopoli,
1163 1912 1338 1978 franchando
1363 1909 1409 1970 dnh

371 1999 492 2060 servitia
511 1997 658 2058 monache
678 1997 822 2080 religiose
848 2019 959 2060 novene
991 2007 1023 2058 et
1042 1997 1151 2060 vechie
1172 1999 1231 2062 line
1253 2019 1270 2061 a
1289 1998 1409 2069 namet

370 2080 393 2142 li
411 2083 466 2164 pili
483 2081 623 2142 honorati
644 2079 725 2140 della
743 2101 812 2141 casa
831 2080 863 2140 di
874 2079 1043 2162 Paleologi.
1065 2081 1158 2144 Onde
1178 2074 1291 2166 grande
1305 2081 1410 2159 frequat-

368 2167 412 2227 tia
433 2164 472 2227 de
490 2165 606 2226 schlavi
627 2165 748 2224 cortiva
768 2167 800 2223 in
820 2163 929 2224 Servia
953 2161 1100 2246 alsignor
1121 2165 1243 2248 dispoto
1263 2175 1291 2226 et
1306 2159 1354 2222 nlla
1370 2156 1409 2216 d'a

370 2254 512 2330 potesta,
544 2247 567 2310 li
598 2247 682 2330 quali
710 2246 934 2329 dispensarono
964 2249 1058 2308 molto
1090 2247 1206 2312 havere
1226 2237 1409 2330 recaptandoli

368 2332 472 2392 miseri
498 2330 612 2392 sehiavi
647 2328 728 2390 dalla
759 2329 891 2392 obscura
923 2331 1039 2391 servitii
1066 2329 1097 2392 di
1127 2331 1262 2394 barbari.
1302 2322 1410 2390 tumulo

368 2411 539 2475 l’autumno
560 2410 611 2474 del
630 2433 713 2474 anno
732 2411 765 2473 di
783 2413 891 2497 6962,
911 2426 941 2475 et
961 2411 1102 2477 havendo
1125 2414 1261 2478 hiemato
1280 2424 1348 2475 tutto
1363 2407 1409 2469 l'in·

367 2515 465 2557 ‘veruo
485 2498 516 2555 in
538 2516 630 2572 casa,
662 2497 892 2559 conmennaodo
927 2499 954 2559 la
987 2500 1161 2579 primavera
1181 2496 1309 2561 deliherh
1325 2508 1410 2571 roupff

368 2598 481 2659 guerra
514 2578 545 2639 al
582 2577 700 2659 dispote
720 2580 828 2661 Giorgi
858 2590 888 2641 et
909 2589 1117 2641 sottomettere
1144 2591 1229 2645 tutta
1246 2582 1275 2644 la
1292 2571 1408 2641 Serviat!

369 2680 426 2721 suo
448 2660 572 2727 ducato.
623 2660 663 2721 El
684 2660 830 2743 dispoto,
854 2662 882 2723 el
907 2662 997 2745 quale
1018 2685 1073 2725 era
1095 2666 1240 2743 vecchio,
1262 2672 1363 2724 assueto
1377 2654 1410 2736 pil

369 2744 453 2805 volte
469 2765 550 2805 mser
567 2742 700 2803 battutto
718 2743 769 2805 dal
791 2756 945 2828 tyranno,
969 2768 1054 2807 come
1074 2750 1181 2809 avanti
1201 2748 1320 2809 havemo
1338 2758 1411 2801 nuru·

369 2838 425 2899 to,
453 2826 536 2909 dapo
563 2826 592 2887 la
614 2846 704 2908 presa
730 2827 770 2888 de
799 2828 1062 2911 Constantinopoli
1093 2834 1167 2912 ogni
1197 2850 1286 2892 mmo
1309 2834 1411 2905 specmi

373 2920 483 2991 questa
503 2930 606 2971 amara
628 2910 747 2971 novella
774 2930 830 2993 per
852 2911 880 2971 la
902 2912 1070 2973 insatiabile
1087 2914 1219 2975 avauitia
1238 2910 1285 2975 del
1304 2910 1411 2969 dracone·

370 2992 462 3051 0nde
481 2994 558 3054 tolse
576 2992 606 3054 la
624 2995 783 3055 occasione
802 2992 831 3054 el
851 3000 1011 3077 tyranno?
1038 2995 1150 3057 mandh
1173 3018 1236 3059 uno
1254 2995 1284 3055 di
1300 2992 1340 3055 soi
1358 2982 1412 3049 fil(li

370 3074 450 3135 servi
470 3075 499 3135 al
517 3076 657 3156 disputo,
678 3076 856 3138 dicendoli:
878 3077 907 3140 la
929 3088 1014 3140 terra
1033 3076 1091 3139 che
1111 3089 1144 3139 tu
1161 3082 1324 3162 signarem,
1342 3066 1411 3131 nont

370 3168 440 3230 tua,
461 3167 494 3218 et
516 3157 663 3220 laservia
682 3180 747 3219 non
765 3161 783 3221 ὲ
802 3180 871 3222 cosa
892 3172 1038 3243 paterna,
1062 3163 1148 3223 inae
1172 3163 1211 3225 de
1231 3164 1332 3223 Latara
1346 3146 1411 3236 figlini

371 3240 410 3299 de
431 3240 577 3319 Stelan03
606 3241 751 3325 adunque
768 3244 878 3305 toccha
904 3266 922 3305 n
943 3266 1003 3305 me.
1047 3244 1138 3305 Siche
1158 3266 1196 3307 va
1216 3230 1411 3324 scriptandi

372 3324 433 3383 mei
456 3322 550 3383 lochi.
604 3324 668 3384 Beu
689 3326 712 3384 ti
731 3346 821 3407 posso
844 3326 918 3388 dare
938 3348 999 3389 una
1021 3339 1110 3409 parte
1135 3328 1215 3391 della
1237 3338 1315 3389 terra
1335 3321 1364 3382 de
1377 3330 1411 3376 tu

372 3405 607 3551 naun
625 3402 972 3554 ntentan-
1004 3408 1411 3556 num

372 3570 430 3631 che
449 3574 482 3631 in
503 3574 635 3634 termine
661 3572 700 3633 de
721 3574 811 3635 XXV
831 3579 915 3636 nonni
939 3514 1131 3637 se’trovdahe
1151 3578 1212 3638 nlla
1228 3598 1280 3639 sua
1299 3566 1411 3659 pretuli,⁸

372 3653 412 3714 ad
439 3654 552 3716 render
585 3657 615 3716 la
649 3657 781 3736 risposta
811 3659 1000 3736 initiamenta
1031 3658 1172 3742 tagliarin
1194 3660 1224 3720 la
1243 3680 1294 3721 sua
1312 3660 1372 3715 teslt
1386 3640 1410 3702 ⁰¹

314 3742 467 3817 316corpo
497 3738 635 3799 huttaria
654 3760 673 3799 a
700 3759 841 3801 mancare
860 3740 920 3802 alle
941 3741 1043 3818 fiere),
1062 3742 1268 3803 l'anahaxador
1289 3742 1377 3799 intrato
1389 3727 1411 3785 5¹¹

373 3816 404 3877 la
427 3820 535 3883 Servin
563 3823 658 3882 intese
675 3818 750 3881 ch’el
783 3821 829 3882 dis
850 3834 904 3885 oto
926 3824 1093 3886 demorava
1113 3826 1146 3885 in
1168 3824 1263 3888 l'altra
1283 3804 1409 3899 huutlssld

373 3899 492 3997 Histeo.
533 3902 575 3964 Et
596 3901 619 3964 li
645 3904 754 3964 heroni
784 3846 863 3966 della
883 3908 989 3968 Servia
1012 3906 1157 3971 tenentrlo
1176 3912 1208 3969 in
1226 3902 1322 3991 parole
1337 3908 1362 3959 et
1378 3890 1411 3983 d}

373 3993 473 4042 eeutr:
511 3985 630 4047 auch’oi
650 4006 772 4065 venne3
801 3988 930 4049 domnne
958 3992 1102 4073 augnarii.
1124 4003 1154 4051 ct
1175 3992 1207 4052 in
1228 3998 1324 4073 questo
1340 3984 1409 4060 ⁵1²¹²⁰

373 4073 545 4129 mettevano
570 4068 593 4129 li
622 4070 735 4131 castelli
756 4072 788 4130 in
821 4072 952 4145 ordine,
975 4083 1006 4134 et
1028 4074 1101 4155 ogni
1119 4096 1189 4135 cosa
1209 4066 1354 4133 occesserit
1370 4052 1409 4117 ²¹¹²

374 4162 483 4222 8⁰⁰³&
510 4154 760 4232 apporeechiava.
813 4154 852 4217 El
876 4157 984 4219 nuntio
1008 4158 1150 4241 adunque
1172 4153 1302 4219 vadendo
1319 4142 1376 4208 ΒΗΑ
1389 4134 1409 4195 s⁰
