3075 4825
361 245 447 328 600
685 268 690 277 ·
792 262 1004 359 nuntiatur

361 423 484 484 archam
514 419 647 481 noluisse
678 422 759 480 insta
791 418 1024 481 occidentalium
1054 418 1299 481 consuetudinem
1325 438 1409 503 papan
1464 438 1465 441 ’

358 508 501 569 ”luunt
1323 540 1330 563 t

442 588 479 650 Ρ.
501 607 571 661 ara,
596 586 646 646 23.
696 578 818 645 ἔδωκαν
845 572 903 643 adr
924 581 1053 666 adroic]
1105 584 1266 662 Quodnam
1290 586 1410 668 templum

359 672 468 735 Veneti
478 669 602 730 Graecis
621 668 660 729 ad
671 666 829 749 liturgiam
841 666 1052 727 celebrandam
1070 678 1144 729 tuuc
1158 666 1355 731 'concesserint
1370 693 1410 731 ue

358 756 434 833 scio,
456 753 514 814 nisi
538 754 620 813 forte
637 752 669 817 S.
682 750 816 831 Georgii,
835 754 866 809 in
878 770 939 831 quo
949 751 1093 812 Venetiae
1112 755 1227 813 reversi
1249 774 1305 835 pro
1325 752 1410 815 de‘un.

357 850 410 899 cto
435 836 609 919 patriarcha
637 834 793 915 liturgiam
822 833 1024 894 celebrarunt.
1058 844 1169 895 notant
1193 839 1248 916 qui
1279 834 1411 896 adluemnt
1464 872 1465 877 κ

357 924 486 993 (haesi,
510 942 527 979 a
551 918 749 980 Venetiarum
773 916 851 977 duce
869 924 1007 998 rogatum
1030 915 1244 998 imperatorem
1266 940 1284 979 a
1306 918 1409 981 concilio
1464 976 1465 981 ,

357 1004 504 1064 Venetiae
522 1022 696 1079 reversum,
717 1011 752 1060 nt
774 1003 908 1061 Graecos
929 1000 960 1060 in
979 999 1016 1057 D.
1038 1001 1136 1060 Marci
1156 1001 1271 1083 templo
1289 1001 1408 1083 liturgiam
1464 1006 1465 1083 J

355 1086 512 1147 celebrare
532 1085 671 1163 iuberet3
697 1081 783 1165 quod
804 1083 926 1143 factum.
946 1082 987 1143 ud
1002 1082 1218 1143 celebrandurn
1238 1086 1408 1167 Pretosynor·

358 1172 426 1243 lus,
457 1188 536 1253 qnos
561 1169 679 1229 Latinis
707 1176 799 1227 norat
819 1160 947 1227 manime
972 1166 1144 1245 adversari,
1164 1166 1274 1249 elegit3
1297 1178 1327 1229 et
1344 1166 1409 1248 praed

355 1262 443 1313 sente
472 1253 673 1312 venetiarum
703 1248 784 1310 duce
809 1249 1005 1331 patriciisque
1037 1269 1120 1309 sacra
1145 1248 1287 1333 liturgia,
1309 1252 1341 1310 iis
1357 1272 1409 1331 pru·

356 1334 498 1395 bentibus
510 1336 772 1414 caerimoniasque
787 1332 991 1409 laudantibus,
1004 1342 1128 1415 peracta
1141 1342 1193 1393 est.
1206 1344 1343 1395 excusant
1353 1333 1408 1393 hana

355 1418 593 1478 celebrationem
613 1420 645 1478 in
662 1419 840 1496 Latinorum
858 1414 973 1497 templo
993 1424 1177 1497 peractam,
1205 1416 1364 1497 dicuntque
1388 1418 1409 1474 in

355 1503 486 1581 proprio
508 1502 696 1562 Antimensio
718 1498 902 1576 celebrasse,
925 1497 1005 1561 vasis
1026 1499 1088 1559 suis
1106 1520 1178 1559 usos
1197 1520 1282 1576 esse,
1298 1520 1408 1560 omnen-

353 1606 415 1665 qne
441 1584 584 1643 ordinem
616 1592 648 1645 et
690 1581 893 1645 caerimonias
935 1582 1075 1648 ecclesiae
1102 1602 1176 1643 suae
1210 1602 1348 1643 servasse.
1370 1602 1409 1641 aas

354 1666 558 1726 erudiendum
579 1678 625 1728 est
653 1666 822 1727 Heracleae
851 1664 1114 1747 archiepiscopum
1141 1686 1212 1725 cum
1236 1666 1407 1726 Lacedaemo

354 1748 452 1809 niensi
471 1748 627 1811 celebrare
645 1748 787 1826 noluisse,
809 1769 846 1809 eo
863 1749 947 1830 quod
967 1746 1146 1829 irregularia
1166 1748 1224 1829 ipsi
1248 1748 1408 1809 factusside·

354 1844 459 1901 retur.
489 1832 576 1915 quod
604 1833 643 1909 ad
665 1832 810 1896 ordinem
832 1829 1058 1896 sacerdotalem
1075 1828 1230 1913 quendam
1254 1831 1407 1893 homicidae

377 1918 569 1980 removisset.

353 1936 375 1997 P
437 1998 475 2059 P.
498 1998 623 2076 2148.
672 1990 754 2059 ddi
786 1993 907 2079 καρπὸς
926 1998 984 2060 τοῦ
1008 1990 1099 2079 ὅρου]
1142 1996 1197 2059 llla
1222 1997 1263 2059 de
1283 1996 1408 2059 additione

351 2100 406 2141 eeu
427 2082 530 2162 potius
549 2079 769 2164 explicatione,
801 2082 944 2164 symbolo
965 2083 1067 2154 sacta,
1088 2081 1248 2142 contentio
1268 2089 1362 2143 exorta
1378 2089 1407 2139 est

356 2165 440 2225 circa
466 2174 606 2246 tempora
641 2163 754 2226 Leonis
784 2185 879 2249 papae
899 2166 962 2241 lv,
994 2166 1049 2249 qui
1068 2184 1151 2225 auno
1170 2163 1232 2248 847
1261 2166 1406 2246 adsumpta

354 2258 420 2323 est,
446 2268 528 2309 anuo
549 2267 627 2309 sero
644 2245 706 2310 855
728 2246 812 2309 obiit

436 2332 476 2396 P.
498 2331 568 2407 aad,
596 2350 643 2395 rr.
691 2327 806 2403 πάντες
838 2316 895 2390 oda
922 2324 1177 2413 ὑπογράψαντες]
1231 2328 1300 2390 lulii
1326 2326 1403 2399 diei,

352 2409 527 2491 dominica,
549 2435 631 2475 anno
656 2414 750 2497 1439,
772 2415 883 2474 Graeci
906 2410 1029 2475 decreto
1048 2413 1290 2495 subsignata-unt,
1310 2421 1404 2491 exceptu

351 2496 509 2577 Ephesiae
536 2499 652 2559 Marco.
680 2518 761 2580 papa
788 2494 899 2558 deinde
917 2497 1149 2578 subsignatione
1167 2517 1223 2558 sua
1247 2497 1404 2558 confirmarit

351 2587 384 2638 et
403 2579 565 2659 probeeita
588 2603 656 2641 rem
676 2600 775 2661 porro
796 2581 941 2642 infectam
960 2601 1025 2640 esse
1043 2577 1136 2656 dixit,
1156 2602 1228 2642 curu
1249 2579 1404 2662 Ephesiuuu

351 2681 414 2719 non
434 2662 646 2742 subscripsisse
665 2663 820 2724 intellexit.
853 2662 1001 2744 postridie
1022 2661 1092 2722 lulii
1112 2662 1152 2737 6,
1174 2663 1231 2730 fer.
1254 2685 1291 2738 a,
1311 2661 1404 2740 liturgia

351 2742 505 2805 celebrata
525 2755 582 2805 est.
604 2756 746 2808 cantores
770 2767 870 2828 papae
895 2755 925 2807 et
953 2749 1060 2805 musici
1094 2747 1298 2823 cecinmnnt,
1323 2741 1404 2804 dante

350 2828 460 2887 Graeci
476 2823 532 2910 τὴν
548 2822 688 2908 μεγάλην
708 2826 898 2908 antoanam.
917 2825 1073 2890 decretum
1094 2831 1125 2888 in
1147 2849 1182 2889 ea
1204 2829 1323 2891 lectum.
1349 2824 1403 2886 Phi·

350 2909 602 2993 lanthropininus
634 2909 781 2987 mantile,
811 2931 874 2993 quo
902 2931 1010 2974 manus
1036 2909 1178 2973 abstersit
1197 2933 1299 2996 papa,
1318 2927 1403 3006 porre-

350 2996 402 3052 sit.
433 3004 465 3054 et
488 2993 642 3056 celebrata
668 2993 721 3055 illa
746 2996 838 3056 Missa
859 2997 935 3055 unio
954 2995 1085 3076 perfecta
1106 3005 1160 3060 cst
1182 2997 1271 3076 petiit
1288 2992 1403 3055 desudet

348 3095 428 3217 papa
449 3079 616 3158 imperator
635 3089 670 3138 ut
689 3099 727 3138 eo
747 3085 911 3158 praesente
921 3078 1032 3140 Graeci
1054 3099 1177 3162 quoque
1192 3078 1352 3162 biturgiam
1367 3091 1403 3132 α·

361 3158 527 3237 ebrarent3
548 3161 635 3241 quod
655 3159 796 3222 obtinere
817 3161 962 3243 nequivit

252 3243 278 3295 ¹''
290 3244 403 3382 ²⁵⁹2,
420 3240 482 3385 12¹2}
490 3243 624 3393 tid·
637 3238 987 3405 aurilianus
1007 3242 1403 3408 aestatuum

347 3407 399 3468 sed
422 3428 459 3467 eo
477 3426 566 3468 sensu
577 3405 761 3489 intelligunt,
787 3410 907 3470 utfilius
928 3407 1051 3494 genitus
1071 3431 1089 3468 a
1109 3419 1196 3491 patre
1214 3417 1364 3492 generante
1378 3409 1402 3460 nt

346 3491 563 3571 principiatum
583 3512 600 3551 a
622 3493 791 3573 principio,
813 3513 876 3554 non
897 3514 971 3552 vero
992 3503 1140 3576 tanquam
1158 3491 1286 3555 effectus
1303 3513 1319 3551 a
1334 3504 1401 3548 cum

346 3570 487 3650 differat,
508 3585 544 3634 nt
562 3569 715 3649 ὁμουσίου
737 3577 820 3635 satio
841 3576 961 3674 integra
981 3583 1132 3636 servetur.
1393 3647 1397 3658 ¹
1464 3559 1465 3582 ¹

430 3654 614 3738 P.215,7.
663 3653 757 3716 auid
787 3659 999 3738 Πατριαρχης
1019 3653 1100 3734 μετὰ
1121 3652 1177 3736 τὴν
1201 3653 1319 3737 ἕνωσιν]
1355 3651 1398 3725 Qffl
1464 3663 1465 3734 f

347 3737 477 3798 concilio
496 3740 684 3817 adhierunt,
705 3738 795 3800 aliter
815 3740 987 3815 tradidere,
1007 3739 1217 3822 patriarcham
1240 3739 1344 3802 scilicet
1361 3735 1396 3792 bt·

347 3819 390 3876 nii
411 3821 461 3880 dic
485 3841 536 3895 ro,
561 3822 669 3882 lndict
692 3823 741 3892 ΙΙ,
763 3823 992 3905 patriarchatus
1012 3843 1094 3884 anno
1116 3821 1156 3900 ad
1176 3826 1299 3884 ineunte
1318 3830 1344 3879 et
1359 3833 1396 3874 aa·

345 3909 377 3959 te
397 3901 461 3962 dias
480 3925 520 3964 ao
553 3913 680 3986 coepto,
711 3905 786 3964 dum
807 3917 954 3967 coenaret
981 3905 1101 3966 obiisse.
1124 3905 1248 3967 decreto
1268 3921 1337 3966 vera
1351 3913 1396 3956 ¹1⁰¹

346 3982 599 4064 subsignaverunt
620 3989 728 4061 Graeci
748 3989 806 4048 uisi
828 3990 897 4049 lulii
918 3991 1074 4071 sequentis
1094 3988 1146 4049 die
1168 3988 1196 4048 5.

431 4065 467 4129 P.
501 4069 582 4143 215,
617 4091 664 4129 ιι.
715 4063 777 4129 n’nd
815 4069 966 4141 Βοιωτίας
995 4069 1040 4142 εἰς
1070 4053 1394 4136 Knvmamrn'auul

347 4142 468 4228 cpolim
501 4152 658 4214 rcdmruut
679 4153 789 4216 Graeci
824 4175 905 4214 annu
935 4153 1033 4234 ipio,
1056 4153 1220 4216 Februarii
1240 4151 1287 4214 die
1309 4143 1394 4226 ιώ-
