3075 4825
426 237 484 304 an
515 238 605 305 cnr.
631 240 744 306 xant
775 244 923 309 noran.
1137 218 1221 309 583

118 397 300 482 positione]
328 395 493 460 dedicione
522 392 555 454 ia
575 392 710 456 themata
727 393 780 457 iila
804 394 1002 461 distributam
1023 409 1089 463 erat
1109 400 1224 465 Roma-

119 504 210 543 num
234 482 418 564 imperium,
439 476 524 561 qnod
545 478 576 537 in
606 473 764 559 ἐπαρχίας
786 480 879 543 etiam
903 481 1069 564 aliqnando
1092 484 1223 547 divisum

118 566 213 647 fnit3
246 563 413 648 aliqnando
441 561 474 621 in
496 560 701 642 praefecturas
727 564 889 644 praetorio.
912 564 1102 646 appellantur
1122 582 1223 631 autern
1249 636 1256 651 ¹

118 648 266 710 themata
297 645 480 718 orientalia,
510 655 546 703 nt
573 644 655 705 idem
684 644 900 707 Constantinus
928 648 1038 725 docet,
1069 642 1117 711 ὅτι
1146 650 1223 731 πρὸς

119 728 219 811 ἡμᾶς
243 725 318 801 τοὺς
336 727 560 797 κατοικοῦντας
571 722 750 802 Βυζάντιον
769 729 826 792 unt
844 726 902 809 viv
921 730 976 809 τῆς
988 728 1144 813 Εὐρώπης
1164 736 1224 816 γῆν

120 814 255 893 λέγεται
281 804 484 888 droraitxo'n,
509 811 659 893 qnoniam
678 826 812 893 respecta
831 816 946 892 nostri,
965 816 1018 897 qui
1038 814 1223 895 Byzantium

65 932 70 938 -
122 896 298 961 irreolr‘mnr
318 908 349 957 et
370 894 542 979 Europam,
566 892 674 953 Oriens
693 896 871 977 appellatur.

217 979 258 1041 Ρ.
285 977 363 1059 136,
390 998 414 1040 t.
465 971 547 1056 πρὸς
579 972 706 1057 εἰρήνην
732 976 1105 1059 μετασχηματιζόμενοι]
1159 982 1223 1061 Qui

122 1063 230 1143 gentis
250 1062 401 1123 Tamirae
427 1059 570 1123 historiae
592 1079 702 1143 pnrum
731 1069 848 1123 attente
877 1060 1002 1205 leperit,
1027 1072 1149 1127 notasse
1171 1086 1225 1146 po·

122 1153 192 1207 tert
221 1144 341 1207 dnobus
366 1145 457 1209 timui
486 1142 575 1205 bettio
605 1143 752 1205 hactenns
780 1164 812 1205 ae
847 1146 911 1227 imp
927 1146 1027 1207 initam
1069 1147 1223 1227 noluisse,

123 1229 174 1289 ein
220 1226 269 1291 lor
288 1227 431 1290 adorram
458 1246 530 1287 nam
558 1227 670 1287 ceteris
701 1246 808 1307 parem
846 1226 994 1307 coluisset
1025 1248 1103 1313 quor
1133 1233 1225 1293 etiarn

123 1310 180 1372 bel
196 1332 216 1372 ο
237 1310 448 1391 infestaverit,
483 1328 591 1393 paoem
611 1309 763 1384 oblatam,
788 1309 876 1372 cuiae
896 1310 1046 1376 beneficio
1071 1314 1226 1374 ntoiera·

123 1396 166 1454 tis
178 1394 338 1455 aerumnis
349 1414 381 1455 ee
397 1404 586 1469 recrearent,
611 1412 769 1475 nunquam
791 1396 952 1461 recusasse.
973 1403 1005 1456 et
1025 1402 1139 1478 quanta
1153 1398 1224 1478 qui-

124 1477 202 1537 dem
228 1478 324 1561 gentis
352 1477 434 1540 illios
458 1475 622 1561 prodentia
641 1487 718 1537 tuno
737 1474 796 1537 init
808 1486 830 1556 ‚'
849 1486 954 1541 tantae
974 1476 1225 1542 Christianorum

125 1580 222 1622 error
241 1559 414 1646 mentiaque
434 1560 562 1622 caecitas
582 1558 683 1624 notari
703 1569 825 1643 potest,
847 1560 901 1643 qni
922 1581 969 1625 ree
991 1580 1060 1625 enar
1079 1562 1225 1625 adversm

128 1644 253 1707 Turros
283 1654 367 1705 etare
392 1660 487 1727 porse*-
514 1642 708 1725 temporibus
736 1642 802 1705 istit
837 1642 979 1709 arbitrati
1013 1655 1102 1724 eunt,
1140 1647 1226 1731 qnod

126 1736 257 1789 canetae
275 1726 366 1789 simul
385 1726 466 1788 belin
480 1746 542 1787 non
559 1725 752 1803 lacesserent,
773 1724 858 1808 qnasi
880 1748 899 1790 a
920 1736 990 1789 toto
1010 1731 1132 1791 reroiasn
1154 1752 1226 1811 par-

127 1819 162 1871 te
184 1810 262 1871 iliad
289 1829 351 1871 neo
379 1810 569 1871 minneretur
593 1828 651 1869 nee
678 1808 874 1872 decresceret.
901 1812 999 1873 nostri
1028 1829 1104 1895 ergo
1132 1815 1224 1889 otiosi

127 1896 237 1976 (atque
255 1892 377 1953 atinam
397 1913 416 1952 a
436 1894 551 1953 mutuis
574 1889 673 1968 britia,
693 1890 861 1970 incendiis,
884 1892 1225 1975 nrbinmoppidorum-

127 1996 190 2058 qne
217 1974 442 2057 direptionibua
462 1995 498 2038 ae
519 1973 730 2036 eversionibus
752 1974 839 2034 otiati
860 1973 996 2054 inissent,
1017 1996 1073 2037 nea
1094 1974 1224 2039 lanienis

128 2060 247 2119 mutuis
274 2056 480 2141 aaedibaeqno
509 2058 590 2118 vireo
609 2077 680 2120 tans
702 2056 904 2136 attrivissent)
933 2058 1069 2141 ninguine
1089 2062 1224 2141 opprimi

127 2142 354 2223 permiserant3
383 2160 445 2223 qno
474 2138 609 2202 admisso
640 2160 746 2201 errore
764 2138 903 2223 Bulgnri,
924 2142 1035 2217 Servii,
1059 2141 1170 2203 Graeci
1193 2154 1226 2205 et

130 2224 273 2305 Hnngari
292 2224 423 2286 maxima
445 2244 479 2286 ex
500 2234 589 2306 parta
610 2225 782 2305 perierant,
799 2224 1051 2309 Venetorumqne
1073 2224 1225 2306 respubli.

129 2327 167 2369 oa
189 2306 229 2368 ad
247 2310 437 2389 angustiores
457 2304 618 2381 terminon,
639 2305 863 2389 amimaCypro
888 2306 996 2385 insula,
1023 2306 1145 2369 redacta
1167 2318 1223 2373 est.

138 2420 142 2429 ·
216 2390 329 2476 Pnty,
346 2410 392 2453 ta.
413 2387 490 2453 κατὰ
502 2385 560 2470 τήν
571 2380 812 2470 ndroirvmpoiv]
827 2389 955 2452 Novella
975 2392 1033 2452 ieta
1044 2391 1224 2455 constitutio

128 2474 211 2536 eirca
232 2494 345 2536 annam
361 2473 474 2535 chr-ini
489 2474 576 2548 1362,
594 2482 681 2554 rapta
694 2472 912 2554 Adrianopoli,
931 2485 1078 2556 regnante
1094 2475 1223 2538 Saitano

129 2559 276 2620 Moratel
291 2561 409 2619 sancita
425 2571 481 2635 eet,
510 2557 594 2639 qnod
609 2557 692 2639 npnd
705 2554 830 2624 Lennol.
848 2557 917 2619 nin.
929 2560 1071 2618 Mneuim.
1085 2556 1136 2618 lib.
1149 2559 1167 2621 5
1179 2561 1222 2621 vi-

129 2641 203 2702 dere
212 2651 265 2702 eet.
281 2641 369 2702 enine
380 2650 492 2702 auctor
506 2641 563 2701 suit
574 2639 832 2702 Cam-Rnrtemee
841 2640 938 2702 Molla
952 2663 1003 2702 aen
1015 2641 1154 2702 Meuiana
1170 2654 1224 2703 ant

129 2723 345 2800 Tareninus,
363 2722 396 2785 id
418 2723 558 2805 eet,legia
575 2721 816 2785 Mnrnlmanieae
836 2728 963 2808 peritur.
987 2724 1127 2806 illiusque
1150 2745 1222 2786 ver.

129 2803 267 2870 batalia
296 2807 496 2869 referuntnrt
524 2808 661 2891 qrdntnm
684 2805 840 2891 qnodqrre‚
874 2808 1030 2890 respondit
1057 2809 1140 2868 θανα
1162 2809 1223 2868 Ra-

130 2901 248 2968 rtemer,
271 2910 315 2951 ea*
333 2890 395 2953 illis
415 2889 589 2973 mancipiis,
608 2904 691 2973 qnae
716 2891 806 2950 Turni
827 2892 938 2951 militer
959 2892 1060 2952 nostri
1077 2894 1222 2972 rapiunt,

131 2969 174 3032 de
192 2973 381 3070 praescn'pto
410 2973 486 3052 Iegis
506 2973 642 3033 divinae*
669 2971 798 3032 Saltano
816 2971 949 3038 debetur.
972 2973 1116 3032 hactenus
1135 2975 1224 3055 equi-

131 3054 203 3118 dem
231 3057 457 3138 mancrpiornm
486 3057 595 3138 qninta
623 3068 697 3136 pers
715 3055 847 3116 Saltano
875 3054 995 3116 addicta
1017 3075 1077 3115 non
1099 3055 1222 3134 fuerat,

131 3140 185 3201 rod
209 3139 347 3223 praedae
376 3135 515 3223 reliquae
542 3135 761 3215 solummodo,
801 3137 888 3199 cuiae
924 3137 1098 3220 exemplum
1128 3137 1224 3199 haba·

132 3243 199 3286 mos
224 3225 256 3284 in
275 3221 537 3307 braffai-bego
569 3219 652 3300 apud
679 3221 811 3281 eundem
837 3221 962 3283 Lenncl.
986 3219 1038 3282 tin.
1062 3241 1099 3282 a:
1130 3243 1223 3304 prae-

133 3305 190 3367 dae
205 3308 339 3391 qtn'ntam
360 3317 484 3390 partem
512 3304 652 3386 excepit,
680 3303 715 3363 in
733 3305 843 3364 militer
864 3303 986 3389 reliqna
1007 3305 1096 3365 lurra
1116 3305 1222 3364 distri.

133 3389 204 3456 buit.
221 3389 291 3450 orde
309 3389 422 3450 dmum
443 3389 606 3474 spoliomm
625 3391 761 3469 qrdnmm
777 3399 897 3468 partem
905 3431 918 3460 ,
942 3409 993 3448 oen
1009 3387 1147 3472 principi
1166 3385 1223 3446 de·

133 3472 246 3547 beton,
267 3471 512 3553 ngqubundus
533 3469 666 3530 Sullano
680 3467 811 3529 Aladin
829 3470 920 3534 misit.
944 3470 997 3531 illa
1018 3489 1112 3551 porro
1135 3489 1222 3528 mnn-

136 3553 287 3636 eipiornm
317 3557 425 3637 quinta
454 3572 527 3638 pare
555 3553 791 3614 Genitzerornm
820 3552 923 3614 ordini
953 3575 990 3615 aa
1018 3571 1145 3612 numero
1168 3549 1222 3610 ad·

136 3641 238 3699 iuncta
254 3645 309 3698 eet
942 3647 950 3676 ⁸

217 3718 254 3784 P.
281 3721 350 3805 157,
375 3717 421 3780 15.
472 3715 640 3792 ἐξισωταί]
680 3716 759 3778 Snnt
788 3715 833 3778 itti
860 3720 915 3801 qai
936 3739 985 3780 res
1005 3715 1172 3799 inspiciunt
1190 3724 1221 3777 et

137 3824 171 3866 ex
190 3802 336 3880 arbitrio,
358 3799 525 3862 seeundum
546 3801 594 3861 iae
613 3810 645 3861 et
666 3819 811 3883 aequum,
833 3819 884 3862 eae
907 3803 1077 3862 aestimant.
1098 3797 1218 3862 Suidasr

137 3882 309 3968 ὅίσωτής,
340 3877 524 3963 dindrant.
553 3884 695 3967 idemque
713 3883 863 3965 signifieat
883 3877 1020 3966 ἔφορος,
1053 3885 1107 3964 qni
1135 3901 1222 3942 roro-

139 3969 310 4056 guonradi,
330 3968 506 4028 recensendi
521 3989 556 4028 nr
567 3966 748 4048 inspiciendi
760 3970 808 4028 ius
828 3965 930 4027 habet.

216 4053 254 4120 P.
280 4048 401 4134 1384
445 4042 628 4128 anaeoioiv]
669 4050 777 4132 capitis
809 4060 854 4110 est
883 4059 1091 4132 tegumentum
1113 4071 1129 4108 a
1150 4045 1221 4107 iana

143 4133 227 4214 aibr,
253 4157 317 4220 quo
336 4141 469 4199 utantur
480 4134 656 4216 Graiium,
678 4132 767 4196 eninr
787 4133 920 4196 soranam
939 4141 972 4196 ot
992 4131 1121 4217 figuram
1142 4132 1221 4193 nnti-
