3075 4825
225 2888 234 2913 i

280 222 309 324 l
662 244 784 306 ιιιιιιιιι
812 244 1004 309 centum

282 404 387 476 cpolim
403 399 600 471 proficiscitur,
621 400 748 469 ciuesque
766 412 796 451 ut
815 418 844 453 se
861 398 965 453 dedant
980 400 1088 467 fnestra
1107 400 1248 460 bortatur,
1267 398 1298 450 in
1317 416 1365 450 ur-

280 476 338 528 bem
356 473 505 524 scoticarum
525 486 574 539 ope
594 471 690 521 intrat.
731 489 768 521 ιιι.
783 471 992 524 Cantacuzcnus
1013 472 1089 522 intra
1106 471 1242 539 palatium
1263 471 1366 537 accipi-

281 559 334 599 tus·.
369 544 494 600 Αιιιιιιιιι,
519 555 591 610 quae
608 540 701 590 animo
721 538 861 606 intrepido
881 542 1015 613 vultuque
1034 544 1219 611 imperterrito
1237 537 1366 600 sedebat,

280 614 386 669 aditet
410 622 578 669 verteretur,
598 610 739 673 placatam
757 610 818 660 sibi·
837 606 945 672 reddisj
970 612 1113 663 tumultum
1131 612 1286 676 componit,
1304 609 1364 679 ple-

280 686 390 753 bemque
408 679 547 735 demulcet.
567 678 714 730 celebratio
734 682 891 749 receptior-um
909 681 1043 733 Iohannis
1060 682 1223 798 Palaeoloqi
1243 692 1270 733 et
1289 680 1363 730 Can-

280 768 431 807 tacueenae
451 750 580 801 Helenae.
607 762 763 811 coronatur,
790 751 1006 805 Cantacusenus.
1059 751 1146 802 Turci
1173 752 1367 801 Cersonesuns

279 834 421 877 vastantes
443 818 510 872 duce
531 820 688 870 Suleimaae
707 818 842 870 Orcbanis
861 820 923 882 filio
943 820 1112 872 ablattlsaea
1131 817 1244 887 despota
1264 819 1367 868 Canta·

280 910 382 947 cienena
401 888 479 942 clade
500 906 601 956 magna
622 889 800 1009 qsfict'untur.
852 908 889 942 ιι.
911 890 1048 942 lebannes
1066 892 1101 941 im
1121 902 1217 941 eratar
1234 907 1252 940 a
1273 904 1366 939 socero

281 966 420 1017 alienatus
442 962 473 1011 in
491 959 605 1009 ltaliam
641 956 754 1019 isceds't,
773 955 845 1011 unde
864 976 995 1013 reversus
1011 960 1082 1013 Tene
1103 978 1146 1011 um
1169 974 1227 1009 cum
1251 959 1369 1009 Catala-

280 1035 323 1085 sia
352 1030 471 1085 consilia
498 1030 589 1097 agitat
614 1026 647 1080 de
674 1028 872 1097 recuperandis
898 1030 1011 1100 imperio
1035 1043 1060 1081 et
1079 1029 1152 1082 urbe.
1174 1039 1367 1095 stratagemate

283 1101 422 1155 Catalusii
445 1098 582 1150 lebannes
601 1098 785 1167 Palaeologus
805 1100 910 1170 Cpols'm
927 1112 1089 1170 recuperat,
1113 1111 1139 1150 et
1159 1099 1368 1150 Cornacatenus

280 1176 369 1225 vitam
393 1170 572 1221 monasticam
601 1168 783 1238 amplectitur.
837 1188 875 1221 to.
894 1170 1027 1222 lobannis
1053 1169 1227 1240 imperatoris
1243 1168 1367 1237 filiorum

282 1256 352 1297 natu
370 1242 460 1291 maior
477 1236 652 1290 Andronicus
670 1239 842 1293 etCnntuses
860 1242 980 1292 Moratis
995 1240 1074 1310 filius
1089 1236 1319 1305 secundogenitus
1337 1238 1369 1287 in

280 1323 411 1383 parentes
434 1309 601 1368 coniurant3
626 1305 713 1377 deque
737 1308 901 1377 occupanda
928 1309 1077 1377 tyrannide
1103 1308 1222 1361 consilia
1240 1307 1368 1446 ‹qqitanu

282 1382 381 1453 quibus
408 1377 555 1449 patefactis
572 1380 695 1432 Marates
714 1376 807 1443 filium
827 1398 904 1431 suum
932 1380 1021 1432 oculis
1038 1380 1151 1449 privat,
1170 1380 1245 1442 siqui
1269 1388 1368 1449 eatque

282 1448 419 1510 labanni,
439 1450 466 1499 si
480 1464 576 1518 pacem
596 1464 684 1501 secum
702 1446 802 1503 babere
821 1450 884 1501 vtslt
892 1489 902 1513 ,
921 1447 1147 1501 utrlrsdranicum
1167 1448 1249 1499 etiam
1269 1462 1369 1497 escae·

283 1533 339 1584 cet;
359 1520 405 1572 cui
423 1517 559 1570 lebannes
577 1536 676 1571 morem
702 1534 800 1586 gerens
814 1519 879 1585 filia
897 1530 980 1592 atque
1000 1520 1083 1570 etiam
1103 1536 1138 1571 ea
1156 1535 1187 1570 eo
1208 1516 1303 1585 nepoti
1321 1516 1370 1566 vi-

282 1608 341 1646 sum
361 1586 458 1640 adimit
483 1600 509 1641 et
534 1589 565 1640 in
590 1603 727 1640 carcerem
752 1588 877 1641 coniicit.
922 1586 1097 1641 Andronicus
1117 1586 1300 1639 Genuensium
1318 1601 1369 1649 ope

285 1658 418 1713 liberatus
444 1659 585 1727 imperium
612 1654 743 1717 invadit,
772 1670 876 1727 patrem
901 1672 927 1711 et
936 1658 1049 1729 fratres
1076 1658 1187 1712 ear-ceri
1209 1656 1369 1727 mancipat‚·

284 1743 398 1782 carcere
416 1740 479 1779 astu
503 1745 532 1779 ss
549 1725 688 1787 liberant,
712 1739 738 1778 et
757 1728 896 1781 lebannes
919 1731 950 1779 in
965 1727 1066 1781 solium
1092 1726 1301 1796 imperatorium
1325 1741 1371 1777 re·

249 1783 419 1851 ’sataliam
453 1798 569 1849 Manuel
584 1796 611 1849 ei
631 1812 770 1849 suceessor
785 1797 958 1867 designatur.
979 1816 1018 1849 nu
1037 1795 1094 1850 tiae
1105 1798 1244 1850 Gatalusii
1260 1808 1288 1848 et
1305 1798 1372 1848 lda-

285 1870 347 1922 riae
365 1867 589 1934 Palaeologinae.
636 1868 674 1918 13.
694 1868 834 1920 Baiazites
855 1868 961 1920 tributa
979 1870 1008 1919 lo
1029 1868 1099 1919 anni
1117 1868 1253 1934 imperat,
1272 1877 1300 1917 et
1316 1864 1372 1915 sibi

285 1939 432 1993 militatum
457 1936 554 1989 vestire
582 1935 700 1989 alterum
719 1954 753 1988 es
779 1940 838 1989 eius
853 1938 925 2008 filiis
942 1940 1072 2007 postulat.
1110 1933 1246 2005 Cycladas
1263 1936 1371 1986 insulas

284 2004 405 2061 invadit.
422 2006 560 2059 lebannes
574 2006 679 2074 Cpolim
698 2007 806 2069 munit,
827 2009 964 2060 Baiazieis
981 2010 1056 2059 iussn
1073 2018 1201 2059 extructa
1219 2022 1238 2055 ιι
1256 2022 1285 2057 se
1301 2022 1371 2072 pro·

283 2077 444 2151 pugnacula
460 2075 566 2134 diruit,
584 2073 748 2148 tandemque
778 2078 843 2129 obit.
890 2078 1006 2130 Manuel
1023 2077 1074 2148 qui
1091 2077 1215 2127 Baiasiti
1233 2075 1372 2125 militabat

286 2151 369 2219 inque
384 2148 443 2199 eius
456 2147 523 2197 aula
539 2145 717 2209 versabatur,
728 2145 826 2199 audita
842 2150 931 2217 patris
942 2160 1039 2209 morte,
1047 2147 1118 2199 clam
1131 2145 1235 2215 Cpolim
1245 2144 1371 2195 advenit.

285 2219 426 2271 Baiazites
445 2214 476 2267 id
488 2232 570 2281 aegre
581 2217 681 2284 ,serens
697 2234 799 2284 graves
817 2216 957 2290 durasque
973 2214 1146 2268 conditiones
1163 2217 1218 2284 ipsi
1234 2216 1371 2283 impam't,

287 2286 508 2338 Tisemalonioam
527 2298 660 2353 occupat,
681 2285 785 2353 Cpolim
801 2299 888 2338 vexat
903 2299 931 2339 et
948 2287 1056 2337 cibaria
1075 2287 1106 2335 in
1123 2302 1182 2337 eom
1203 2283 1301 2337 invebi
1317 2285 1373 2334 ins·

284 2355 369 2426 pedit.
405 2354 535 2422 Hungari
553 2370 587 2404 ac
604 2355 722 2405 maxim
739 2372 806 2423 pars
831 2356 1045 2407 occidentalium
1083 2355 1220 2425 rincs'pum
1238 2356 1269 2405 in
1282 2355 1370 2404 Baia-

287 2427 367 2477 aitem
390 2434 514 2481 movent,
541 2435 568 2473 et
593 2421 631 2474 ad
655 2423 809 2490 Nicopolim
828 2442 845 2475 n
873 2426 971 2476 llsrcis
994 2441 1042 2475 cae
1070 2437 1148 2477 tatur
1164 2437 1190 2475 et
1205 2426 1372 2475 vincuntur.

288 2495 331 2559 14.
349 2493 487 2544 Baiaaites
513 2491 617 2557 Cpolim
642 2492 696 2543 sibi
723 2490 788 2544 dedi
808 2496 894 2559 petit,
921 2507 947 2546 et
969 2495 1117 2545 lobannem
1134 2496 1223 2547 eieeto
1239 2495 1371 2546 Manuale

288 2565 484 2631 imperatorem»
503 2561 654 2612 cassstituit.
698 2563 814 2614 monast
830 2564 930 2622 ‚saluti
952 2563 1028 2615 urbis
1052 2582 1085 2616 ac
1108 2565 1196 2628 plebis
1226 2565 1370 2617 consulens

289 2631 369 2702 Opols'
388 2627 519 2688 discedit,
544 2642 571 2681 et
597 2631 628 2680 in
645 2631 879 2699 Peloponnesum,
899 2633 964 2683 binc
985 2635 1015 2683 in
1035 2635 1146 2686 ltaliam
1183 2634 1371 2704 rofieiscitur,

288 2713 315 2754 at
337 2696 554 2753 occidentalibus
580 2699 673 2769 regnis
699 2718 731 2754 ac
753 2704 910 2772 provinciis
936 2705 1093 2773 peragratis
1110 2705 1142 2754 in
1157 2653 1371 2772 beloponn'esum

287 2772 447 2824 revertitur.
488 2770 526 2820 15.
543 2769 680 2821 lebannes
697 2775 855 2840 precarium
873 2773 1014 2840 imperium
1032 2774 1136 2825 obtinet
1153 2791 1171 2824 a
1189 2774 1325 2833 Baiaeite,
1343 2784 1371 2824 et

288 2839 373 2893 cadim
390 2857 438 2893 seu
460 2836 579 2891 iudicem
587 2840 787 2894 Musulmanum
804 2843 1090 2895 intra-urbismoenia
1108 2843 1218 2912 accipit.
1238 2841 1276 2894 ad
1285 2841 1372 2894 Baia-

287 2913 367 2963 aitsm
386 2907 577 2976 voluptatibus
595 2910 745 2962 immersum
771 2913 888 2965 veniunt
909 2931 927 2963 a
948 2913 1059 2977 Temyre
1085 2911 1174 2966 abone
1201 2912 1303 2981 legati,
1322 2912 1373 2982 qsti

289 2981 481 3033 contumeliose
506 2997 524 3028 a
542 2979 668 3034 Baiasite
685 2980 774 3032 babiti
797 2981 950 3036 recedunt:
975 2983 1031 3050 ipse
1047 2981 1147 3034 deinde
1165 2983 1198 3034 in
1214 2980 1370 3033 Armeniam

288 3061 385 3101 movet.
423 3038 526 3119 Cpolim
548 3066 567 3099 a
589 3047 712 3102 Iobanne
731 3055 842 3120 repetit,
868 3049 917 3104 sed
934 3052 1075 3119 cpolitani
1093 3049 1259 3104 deditionem
1270 3050 1371 3119 facere

287 3131 418 3172 renuunt.
465 3116 491 3168 Τ
488 3135 564 3184 smyr·
580 3118 689 3182 Syriam
713 3119 844 3182 invadit,
871 3121 952 3172 urbes
967 3133 1127 3189 expugnat,
1145 3123 1178 3172 in
1196 3119 1305 3172 incolas
1320 3121 1373 3170 im-

288 3189 409 3238 maniter
427 3187 524 3239 saevit.
544 3187 705 3242 Damascum
723 3203 751 3240 et
763 3191 896 3260 Halepum
913 3188 1012 3260 diripit
1031 3201 1058 3240 et
1073 3202 1173 3242 vastat.
1213 3192 1251 3242 sa.
1273 3189 1373 3254 Temyr

287 3273 385 3308 versas
408 3257 519 3308 Tanaim
537 3267 635 3306 movet.
655 3260 795 3310 Baiaeites
813 3262 962 3314 exercitum
980 3260 1149 3320 conscribit,x
1160 3271 1186 3313 et
1205 3259 1316 3325 Tomyri
1333 3254 1373 3310 ad

288 3331 426 3392 Ancyram
446 3337 537 3376 castra
549 3323 661 3378 babenti
677 3330 808 3380 accurrit.
827 3341 931 3381 cometa
944 3329 1045 3400 fulget.
1060 3345 1156 3397 pugna
1173 3329 1263 3381 initstr
1279 3346 1298 3379 a
1318 3325 1371 3380 Te-

287 3395 422 3461 myrianis
442 3411 500 3446 eum
520 3393 656 3446 Baiasitis
673 3397 778 3468 copiis.-
793 3399 934 3450 Bas'asites
959 3396 1099 3450 deseritur
1114 3415 1133 3448 ιι
1151 3415 1253 3467 magna
1273 3398 1376 3466 copia·¹

288 3484 348 3518 rum
366 3481 476 3516 suerum
493 3475 579 3530 parte.
599 3463 732 3518 vincitur.
751 3481 848 3538 captus
874 3467 911 3520 ad
929 3469 1088 3532 Temnum,
1105 3469 1154 3538 qui
1169 3465 1306 3520 satricbio
1322 3481 1371 3516 sess

286 3534 415 3589 sobaclts's
432 3531 562 3592 ludebat,
579 3531 736 3586 adducitur.
775 3538 872 3602 Tsmyr
885 3537 1037 3588 Baiaeitem
1054 3539 1216 3590 consolatur
1234 3551 1260 3591 et
1277 3536 1372 3587 bama-

289 3623 324 3658 ιιι
344 3617 482 3674 argaeum
496 3619 524 3656 se
540 3603 622 3670 gerit.
643 3616 719 3657 arcte
729 3605 918 3658 nibilominus
928 3604 1054 3659 custodit.
1070 3624 1122 3675 per
1137 3621 1222 3660 totam
1238 3608 1371 3658 minorem

290 3676 387 3725 Asiam
400 3675 496 3740 copiae
517 3673 639 3737 Tamyris
664 3689 691 3724 se
716 3671 885 3743 diffundunt.
921 3673 1082 3730 Mebemetss
1097 3690 1204 3747 patrem
1220 3689 1300 3736 astu,
1322 3671 1373 3726 sed

287 3745 411 3810 frustra,
427 3745 547 3795 liberare
566 3741 736 3812 aggreditur.
780 3743 1025 3814 Cbociapbertsttes
1043 3748 1226 3800 eunuchorum
1242 3745 1372 3816 princeps

289 3829 349 3862 cum
367 3814 490 3864 Raiasite
508 3809 618 3881 domino
635 3830 686 3864 suo
703 3825 799 3883 captas
814 3817 891 3866 iussu
909 3817 1032 3882 Temyris
1052 3814 1141 3886 capite
1156 3817 1294 3888 plectitur.
1334 3830 1372 3880 ¹7·

289 3881 391 3944 Tsmyr
407 3885 487 3936 Asiae
506 3878 584 3935 urbes
601 3882 709 3952 aliquot
729 3881 791 3935 adit
808 3895 835 3935 et
852 3889 944 3954 capit,
962 3885 1100 3939 incendiis
1116 3906 1151 3940 ac
1168 3882 1374 3953 direptionibus

288 3951 383 4002 omnia
399 3949 534 4002 monetat.
569 3951 704 4005 Baiasitis
723 3951 864 4006 ebesauros
881 3955 983 4008 Prusae
1001 3974 1049 4008 sess
1066 3958 1189 4009 Burusae
1207 3951 1373 4004 adservatae

288 4020 373 4087 npte.
403 4019 558 4080 isunnam
585 4035 730 4092 eapcsgnat.
762 4022 802 4076 ad
828 4041 888 4078 eum
906 4027 1093 4080 Phocaeorum
1111 4025 1252 4106 principes
1268 4033 1299 4072 nt
1317 4022 1373 4072 sibi

288 4088 427 4158 placatum
443 4087 578 4151 reddant,
601 4093 706 4160 legatos
731 4097 845 4148 mittunt
867 4093 1001 4164 danisque
1035 4096 1198 4147 conciliant.
1255 4092 1371 4142 Cariam

195 4187 202 4204 ο
289 4159 409 4219 lustrat,
437 4169 465 4210 et
494 4155 621 4228 deinceps
647 4163 678 4215 in
701 4161 848 4233 Pbrygiam
874 4165 1048 4219 salutariam
1073 4167 1129 4219 iter
1146 4161 1256 4228 flectit,
1277 4161 1371 4229 ibique
