3075 4825
276 389 279 393 Α
329 288 412 377 256
588 311 724 379 unctu
746 311 962 379 nicolaus
989 311 1156 379 munus

328 475 432 538 πάντα
465 468 667 549 οἶκονομῶντι
685 464 766 551 νιρδς
785 465 820 530 κδ
845 468 1019 551 συμφέρον.
1060 466 1130 532 ἀλλ’
1153 459 1171 527 o‘
1191 462 1270 543 λαδς
1291 463 1310 528 δ
1329 459 1410 548 α’κη·

328 571 386 657 νης
408 571 462 634 καί
483 563 702 650 prodactam?
726 559 802 648 ριζα
833 566 890 647 τῆς
910 564 1165 651 ὖπερηφανειας,
1185 563 1203 627 δ
1224 561 1338 638 κλάδος
1356 564 1412 646 τῆς

330 666 513 747 κενοδοξίας,
532 663 568 731 su*
582 658 679 740 ὄνθος
693 664 749 747 τῆς
768 662 1041 749 δψηλοφροσδνης,
1056 664 1076 749 ἦ
1094 668 1208 748 τρνγία
1228 666 1286 728 τοῦ
1303 664 1412 746 γδγονς

330 771 395 838 τῶν
409 760 626 849 “Ελλῆνων,ἧ
654 762 898 847 καταφρονοῦσα
917 759 956 825 rei
976 765 1049 845 γένη
1070 765 1132 826 τῶν
1157 758 1336 845 ἀνθρώπων
1357 784 1414 824 κα·

332 861 527 952 ταφρόνησις
557 858 715 943 ἀληθινή,
743 856 847 923 πάντα
875 858 916 923 τοὶ
934 855 1083 942 γενόμενα
1108 862 1281 943 ἑλογιζοντο
1304 858 1349 935 ὥς
1367 854 1439 941 μὴ5

236 984 265 1041 Ρ,
278 963 491 1054 stipandum.
537 956 644 1043 ἔλεγον
677 952 734 1022 οὖν
768 956 947 1040 ὁμιλοῦντες
965 957 995 1022 οἱ
1024 961 1079 1041 τῆς
1100 952 1239 1035 ἑνώσεως
1259 965 1325 1033 τοῖς
1344 979 1417 1038 σχιι

334 1068 497 1147 σματικοῖς
524 1051 646 1144 „irpeas
673 1053 791 1138 ἴδωμεν
811 1058 843 1120 εἰ
861 1051 971 1139 ἑξὰραι
992 1050 1009 1118 ὃ
1030 1055 1105 1131 θεὸς
1126 1054 1181 1120 τδν
1201 1052 1323 1141 ἐχθρὰν
1343 1056 1417 1119 τοῦ·

334 1185 389 1228 τον
420 1157 477 1226 adv
508 1153 739 1238 ἀνθιστάμενον
771 1155 864 1240 ἡμῖν,
888 1153 944 1219 τὸν
965 1156 1065 1238 μέγαν
1085 1154 1238 1239 δράκοντα
1258 1154 1316 1219 adv
1338 1178 1418 1218 καν-

333 1259 478 1345 χοόμενον
512 1253 614 1343 δι’ρδην
645 1264 811 1321 καταπιεῖν
839 1253 897 1339 την
925 1254 1033 1319 πόλιν·
1075 1259 1130 1319 καί
1156 1254 1226 1319 τότε
1246 1245 1370 1335 ὄψεσθε
1388 1255 1420 1317 εί

334 1368 402 1437 τοῖς
421 1360 588 1439 ἇζσμίταις
608 1355 700 1440 distic
715 1350 913 1436 ἓκωδοόμεν.”
959 1356 1063 1417 ταῦτα
1083 1354 1224 1436 λέγοντες
1246 1352 1303 1416 osis
1324 1346 1456 1433 ἔγνωτε

235 1473 266 1527 V.
281 1474 397 1528 ιιὸσαν
427 1456 458 1522 οἱ
487 1451 595 1521 ἄθλιοι
624 1449 676 1518 δτι
706 1452 738 1517 οἱ
772 1454 918 1517 τοσοῦτοι
940 1446 1028 1535 δρκοι
1050 1455 1139 1517 ἕνεκα
1162 1453 1216 1534 τῆς
1237 1449 1419 1525 συστάσεως

336 1561 391 1625 καί
411 1556 557 1638 ὁμονοίας
576 1557 638 1619 τῶν
651 1552 855 1635 Χριστιανῶν
875 1542 972 1635 ἧγοον
985 1554 1048 1615 τῶν
1068 1552 1257 1634 ἐκκλησιῶν,
1278 1548 1298 1633 ἡ
1317 1550 1353 1614 ἐν
1373 1552 1419 1636 τρῑ

274 1650 277 1655 ’
336 1642 531 1742 Λονγδοδνῳ
562 1653 710 1735 γενομένη
730 1648 860 1723 σύνοδος
887 1650 921 1712 ἐν
939 1658 1009 1723 ταῖς
1038 1648 1172 1734 ἡμέραις
1203 1646 1261 1712 τοῦ
1289 1644 1418 1730 πρώτον

337 1750 574 1836 Παλαιολόγον,
595 1750 616 1835 ἧ
639 1752 674 1815 δν
687 1749 871 1835 Φλωρεντίρ
882 1748 1032 1830 γενομένη
1050 1747 1181 1823 σύνοδος
1201 1750 1235 1812 ἐν
1253 1754 1325 1821 ταῖς
1341 1741 1418 1827 ἦμέ-
1509 1750 1510 1795 i

337 1878 411 1937 ραις
426 1857 483 1919 τοῦ
503 1848 640 1918 dutciaco
663 1850 729 1913 reis
741 1851 898 1929 βασιλέων
910 1841 1149 1929 Παλαιολόγων,
1174 1844 1230 1910 καί
1247 1846 1305 1911 νῦν
1325 1848 1361 1909 ἐν
1379 1846 1419 1929 τῇ
1427 1854 1459 1917 15
1509 1842 1510 1899 Ῐ

336 1953 410 2037 θείη
430 1949 487 2015 καί
500 1948 570 2036 ἱερᾷ
589 1947 794 2033 μνσταγωγιρι
813 1941 905 2029 αδτη,
929 1944 959 2008 οἱ
972 1941 1133 2027 γενόμενοι
1154 1942 1215 2009 σδν
1230 1944 1418 2031 α’φορισμοῖς
1509 1958 1510 2033 }

309 2048 464 2125 Βδλδτοις
474 2043 664 2128 ἑσίδνόματι
673 2047 731 2130 τῆς
744 2044 835 2127 ἁγίας
848 2042 986 2127 τριάδος,
997 2046 1155 2126 μέλλωσιν
1166 2045 1278 2127 ἐξᾶραι
1288 2038 1326 2105 τδ
1339 2066 1419 2126 μνη-
1509 2080 1510 2127 3

336 2150 474 2234 μόσονον
487 2148 594 2213 αδτῶν
613 2150 649 2213 ἐκ
668 2150 725 2231 γῆς
744 2142 800 2209 καί
818 2142 878 2210 σδν
897 2147 1005 2221 αδτοίς
1023 2141 1058 2207 τὰ
1071 2146 1126 2227 τῆς
1139 2143 1267 2221 πόλεως.
1287 2138 1317 2210 ω’
1327 2140 1420 2212 ἅθλι-
1509 2132 1510 2209 i

339 2272 387 2331 οι,
409 2250 445 2314 τί
460 2244 534 2313 κενὰ
550 2250 698 2327 μελετᾶτε
717 2246 753 2309 ἐν
769 2252 840 2317 ταῖς
860 2243 1005 2329 καρδίαις
1022 2242 1133 2325 aipein
1167 2239 1252 2328 ι’δοιί,
1274 2244 1304 2307 οἱ
1324 2245 1419 2329 ἱερεῖς
1509 2236 1510 2313 l

338 2370 398 2415 σον
418 2350 475 2411 καί
493 2343 528 2411 αἱ
547 2343 662 2431 ἱέρειαι
685 2342 739 2408 καί
758 2341 789 2407 οἱ
818 2345 958 2426 μοναχοί
972 2365 1030 2407 σου
1051 2340 1106 2407 καί
1135 2341 1165 2407 οἱ
1192 2340 1340 2429 νεωκόρον
1367 2346 1460 2413 καίεο
1509 2386 1510 2399 λ

339 2445 375 2513 αἱ
388 2444 552 2532 νεωκόρον,
576 2446 608 2511 οἳ
621 2444 680 2509 oda
699 2435 816 2528 ἤθελον
833 2443 1018 2529 κοινωνῆσαι
1028 2445 1087 2508 τοί
1100 2437 1259 2528 δχροὶντον
1274 2441 1419 2527 σώματος
1509 2489 1510 2530 η

1509 2629 1510 2670 l

329 2697 403 2750 -urbi
422 2697 486 2749 ferri
512 2694 689 2766 procurabat3
719 2689 827 2765 segnius
847 2703 938 2750 tamen
963 2711 995 2750 at
1013 2697 1150 2751 remissius
1167 2693 1203 2752 ab
1224 2713 1257 2750 eo
1275 2695 1419 2750 idacium.
1509 2689 1510 2784 l

341 2778 371 2822 et
387 2785 457 2839 quae
486 2766 613 2836 deinceps
638 2767 811 2831 acciderunt,
838 2769 1038 2822 excusationem
1062 2770 1209 2837 legitimam
1233 2785 1322 2839 papae
1339 2770 1419 2821 mini·
1509 2791 1510 2822 l

342 2848 477 2904 strarunt3
502 2845 531 2890 et
556 2837 666 2888 illorum
692 2855 802 2889 casuum
825 2839 950 2908 plerique
976 2838 1022 2891 dei
1035 2840 1169 2892 voluntati
1192 2839 1322 2910 adscripti
1343 2848 1420 2902 sunt,
1509 2831 1510 2908 Ῐ

341 2911 390 2980 qui
408 2917 505 2961 euncta
523 2907 559 2959 ad
575 2907 671 2958 utilem
689 2908 770 2959 finem
789 2907 889 2976 dirigit.
908 2925 1000 2964 serum
1017 2911 1095 2979 plebs
1113 2911 1187 2973 iera,
1206 2909 1286 2962 bonis
1305 2911 1420 2972 insensa,
1509 2929 1510 2948 ι

341 2979 511 3049 arrogantiae
533 2993 642 3047 germen
668 2987 696 3030 et
722 2979 814 3041 radix,
842 2995 927 3030 vanae
946 2980 1048 3048 gloriae
1067 2997 1171 3043 ramus,
1190 2980 1335 3050 superbiae
1354 2981 1420 3044 flos,

341 3053 403 3103 iasa
420 3049 540 3104 nationis
558 3049 693 3111 Graecae,
722 3064 794 3120 quae
813 3057 915 3100 ceteras
939 3057 1032 3118 gentes
1049 3051 1262 3120 contemptibilis
1277 3051 1338 3120 ipsu
1355 3067 1420 3102 ooa-
1509 3061 1510 3110 ξ

341 3122 454 3186 temnit,
486 3128 546 3170 acta
567 3120 657 3172 omnia
680 3137 729 3188 pro
752 3119 860 3171 iniectis
889 3121 1041 3189 reputabat.
1071 3123 1118 3191 qui
1148 3137 1209 3190 ergo
1229 3121 1419 3173 benotirorum
1509 3115 1510 3132 ¹

341 3199 432 3262 partes
449 3192 536 3242 secuti
561 3206 622 3240 cum
651 3189 827 3242 schismaticis
859 3189 1098 3260 colloquebantur,
1129 3191 1171 3242 his
1189 3193 1360 3243 sermonibus
1379 3192 1418 3243 usi

342 3270 412 3312 sssnt
433 3261 539 3318 „Sinite
555 3259 708 3323 videamus,
725 3261 842 3311 tollatne
860 3261 926 3312 deus
943 3261 1015 3314 baruc
1031 3260 1146 3324 hostem,
1159 3261 1303 3314 draconem
1325 3257 1420 3313 imma-

341 3347 412 3394 nem,
431 3331 480 3399 qui
498 3331 527 3381 in
544 3331 602 3382 acie
619 3337 712 3381 contra
730 3348 780 3382 nos
798 3339 866 3396 stat3
884 3334 932 3400 qui
950 3332 1020 3384 bunc
1039 3332 1133 3383 urbem
1150 3333 1259 3401 penitus
1275 3333 1419 3384 devoratu-

344 3420 402 3454 rum
422 3417 452 3452 se
477 3401 566 3452 iactat
593 3399 702 3452 sidens
731 3417 792 3452 eum
809 3399 975 3469 perdiderit,
1003 3412 1167 3472 compertum
1188 3403 1265 3454 vobis
1283 3411 1348 3454 tunc
1365 3403 1421 3453 cla·
1509 3399 1510 3410 ³

343 3487 457 3541 rumque
468 3471 529 3533 erit,
547 3487 582 3522 an
593 3487 654 3522 cnm
664 3473 785 3538 azymitis
795 3471 824 3522 in
834 3472 1003 3524 concordiam
1023 3481 1052 3524 et
1069 3473 1216 3525 amicitiam
1234 3472 1422 3525 fedissimum
1509 3523 1510 3536 η

343 3543 411 3595 baec
437 3558 496 3594 cum
515 3543 646 3593 iactarent
670 3543 779 3607 miseri,
807 3557 898 3594 eorum
916 3552 1034 3595 mentem
1051 3560 1107 3594 non
1124 3541 1235 3594 subibat
1253 3552 1359 3595 tantum
1378 3551 1422 3594 to·
1509 3599 1510 3602 η

342 3615 451 3682 tiesqne
468 3611 503 3662 ab
520 3612 587 3680 ipsis
604 3613 763 3682 repetitum,
783 3614 856 3681 pacis
876 3630 907 3665 ac
923 3613 1083 3665 concordiae
1102 3613 1314 3665 Christianarum
1333 3613 1422 3664 eccla-

343 3685 443 3736 siarum
463 3680 644 3736 stabiliendae
663 3699 759 3747 cansa,
777 3682 979 3748 iusiurandum,
998 3701 1058 3734 cum
1075 3684 1104 3735 in
1123 3685 1239 3736 concilio
1256 3683 1422 3753 Lugdunen-

343 3756 382 3818 ai,
400 3771 461 3805 cum
480 3760 603 3820 regnaret
629 3752 848 3820 Palaaologorum
866 3754 986 3822 primus,
1003 3763 1060 3807 tum
1077 3755 1106 3805 in
1127 3755 1284 3806 Florentino
1301 3753 1352 3806 sub
1371 3755 1423 3806 im·
1509 3769 1510 3778 ³

343 3833 467 3894 peratore
485 3823 611 3876 Palaeolo
628 3823 691 3874 inae
707 3823 799 3894 stirpis
817 3825 931 3888 ultimo,
954 3842 984 3876 uc
1003 3826 1156 3894 nuperrime
1176 3825 1248 3876 inter
1266 3841 1367 3876 sacram
1387 3825 1422 3875 li·
1509 3849 1510 3854 =

344 3897 458 3962 turgiam
481 3839 688 3945 celebrandum:
720 3892 757 3945 ob
775 3895 938 3962 repetitum,
958 3896 1087 3964 inquam,
1109 3895 1294 3947 iusiurandum
1314 3911 1422 3946 excom·

343 3964 534 4017 manicationia
560 3959 716 4016 insolubilis
739 3963 897 4017 conditione
926 3966 954 4016 in
973 3967 998 4017 S.
1018 3966 1161 4018 Trinitatis
1184 3967 1294 4017 nomine
1312 3964 1423 4027 addila,

344 4037 500 4086 memoriam
518 4037 638 4104 ipsorum
656 4051 687 4085 ac
705 4033 780 4086 urbis
799 4036 870 4086 inter
894 4035 1016 4088 homines
1038 4035 1181 4087 delendam
1198 4035 1264 4088 lore.
1284 4052 1300 4087 ο
1321 4036 1421 4098 miseri,

344 4120 392 4152 cur
422 4105 548 4157 inanibus
573 4104 782 4173 cogitationibus
810 4107 913 4156 animos
931 4115 1033 4158 vestros
1058 4106 1186 4176 pascitis?
1215 4122 1278 4157 ecce
1295 4106 1421 4158 sacerdo-

345 4181 385 4224 tes
406 4175 461 4237 tui,
492 4176 632 4240 monachi,
649 4176 796 4239 moniales,
820 4177 925 4230 aeditui
954 4185 982 4232 et
999 4177 1158 4241 aeditimae,
1177 4177 1225 4248 qui
1242 4177 1422 4230 ministranti·
