3075 4825
334 348 493 415 notice
531 348 783 415 rnrrnnnrrn
813 350 1005 419 incnnro.
1118 324 1205 432 403

132 500 172 562 soi
192 500 304 581 sntrnpi
333 502 365 561 so
400 499 619 583 grandomonto
648 502 785 565 seotizoto
814 514 847 565 et
876 502 1043 568 honorato.
1080 506 1131 569 Do
1153 511 1209 591 poi

135 584 224 647 ussito
246 584 441 645 nloohemoth
476 583 515 645 de
545 584 575 646 lo
595 586 705 663 Galia,
737 586 770 647 lo
797 588 993 668 impendere
1023 609 1081 651 coo
1102 590 1134 653 la
1153 614 1210 655 sua

131 676 240 727 nrmetn
268 666 361 729 torno
393 667 717 749 nConstontinopoii‚
749 666 785 730 e’i
818 670 990 753 patriarche
1022 693 1084 733 eon
1106 676 1210 738 tutto'i

128 750 207 811 ciero
221 749 558 831 Constantinopolitano
579 750 738 813 useeodoii
768 754 914 815 incontra
941 753 1012 815 soro
1042 756 1112 817 dein
1132 757 1210 819 cito·

129 832 165 892 de
187 854 246 893 eon
266 833 365 906 laude,
377 832 478 915 gioria
499 844 530 895 et
550 833 646 912 conti,
663 832 696 895 lu
718 834 930 918 oecompngnb
949 837 1013 899 fine
1030 837 1059 897 ni
1079 860 1134 900 eno
1155 862 1210 923 po·

128 913 199 981 loeo.
240 916 451 991 Mechemeth3
475 916 618 978 ordinate
639 927 670 977 et
692 938 761 977 eom
786 930 851 979 oete
875 921 905 981 ie
925 930 1018 1001 parte
1038 920 1077 981 de
1101 924 1211 986 Greeia

126 998 258 1059 subiecto
296 999 325 1059 oi
345 1020 400 1059 suo
432 996 563 1076 dueoto,
600 1000 690 1082 possi)
724 940 805 1061 nene
831 1013 920 1082 parte
939 1002 979 1063 do
999 1003 1157 1078 Oriente,
1178 1018 1210 1068 et

126 1090 213 1143 eonto
234 1082 266 1143 in
282 1082 391 1142 Prosio
413 1080 549 1143 instauro
570 1091 600 1143 et
619 1082 733 1143 renovo
756 1082 778 1143 ii
800 1083 911 1145 editicii
931 1084 1059 1146 deefoeti
1080 1099 1111 1147 et
1132 1108 1209 1150 eoo·

125 1164 232 1225 suntoti
262 1164 312 1225 dat
333 1166 402 1226 ioco
435 1165 486 1226 del
510 1166 701 1239 Connmnnn,
734 1166 847 1247 perche
868 1168 993 1249 quando
1015 1170 1210 1234 Meehemeth

125 1266 224 1307 venne
243 1269 263 1307 a
285 1248 553 1331 Constantinopoli
576 1259 687 1311 eontra
708 1252 821 1322 Moses,
845 1251 874 1311 el
888 1251 1062 1311 &romano
1080 1274 1114 1315 ee
1137 1274 1209 1336 per-

128 1328 150 1387 ti
174 1330 213 1391 de
231 1331 351 1411 leooyo
373 1342 405 1391 et
422 1330 502 1392 colio
523 1353 577 1393 sua
595 1331 733 1414 potentio
755 1354 856 1395 venne
872 1353 891 1392 n
911 1334 1039 1410 Prusia,
1059 1347 1091 1395 et
1111 1336 1211 1397 deose-

125 1430 156 1471 τι·
175 1412 276 1495 quelle
299 1413 378 1490 citi,
400 1424 433 1476 et
455 1414 483 1475 ie
505 1434 572 1477 osee
592 1416 632 1477 de
648 1415 806 1491 Pamin,
834 1426 922 1498 petre
941 1416 980 1478 de
999 1417 1211 1496 mehemeth,

123 1494 197 1553 novi»
219 1494 299 1557 delta
316 1495 473 1579 repuitura
497 1508 528 1559 et
547 1497 669 1559 bnttote
686 1499 737 1560 nel
756 1497 859 1563 foebo.
900 1499 945 1560 Et
965 1511 1074 1582 questo
1097 1501 1212 1583 perche

126 1576 257 1639 Poineith
274 1600 330 1661 pei·
350 1580 454 1641 ovanti
475 1579 572 1642 haren
600 1578 727 1665 taglioto
751 1582 780 1642 ia
800 1592 879 1643 testo
898 1582 928 1642 oi
950 1592 1037 1662 patre
1057 1582 1097 1643 de
1117 1585 1212 1645 Cern-

126 1680 193 1721 man
215 1662 246 1723 in
268 1662 393 1746 leonyo.
435 1664 656 1725 Descendendo
669 1665 863 1726 Mocherneth
885 1667 916 1725 in
929 1665 1015 1742 Atio,
1039 1676 1132 1728 trovo
1153 1666 1213 1729 ebe
1286 1690 1290 1697 ·

125 1742 231 1806 Zennit
249 1766 280 1806 se
298 1766 352 1807 era
374 1746 449 1808 sotto
467 1748 572 1829 signer
591 1750 623 1809 in
642 1746 743 1831 quelle
764 1748 919 1829 provintie
943 1745 996 1829 piir
1016 1750 1131 1829 grande
1153 1750 1213 1811 ebe

127 1844 261 1889 nonore
286 1828 316 1889 io
342 1849 399 1889 eun
428 1831 586 1911 opinione.
628 1832 669 1891 Et
697 1832 824 1891 essendo
845 1842 960 1892 voouto
980 1831 1173 1893 Mechemeth
1193 1854 1213 1893 a

122 1906 279 1990 Pergamo
301 1910 340 1971 de
361 1911 450 1989 Atio,
472 1913 580 1975 nuntio
600 1912 640 1971 od
664 1914 775 1973 Zonoit
793 1914 851 1974 eho
869 1914 891 1974 li
908 1912 1037 1975 doveeee
1057 1915 1164 1975 cedere
1182 1914 1213 1976 le

121 2010 302 2134 ittttn
318 1993 1214 2161 istite'titt‘ss¹⁰n⁶ti⁶1finitt055tttttiss

121 2172 185 2231 ro,
211 2168 355 2237 epoetovo
392 2158 421 2218 io
439 2180 494 2220 eoo
515 2170 637 2221 verruto.
679 2160 871 2221 Mociremeth
902 2181 1001 2222 venne
1015 2158 1064 2221 coi
1083 2181 1140 2221 ono
1160 2182 1213 2222 ex·

123 2237 221 2299 ereito
242 2240 282 2301 nd
311 2238 463 2323 Chymin‚
496 2252 527 2303 et
546 2240 750 2303 reehiedondo
771 2242 829 2302 ebe
848 2242 871 2302 ii
889 2242 1019 2305 desoeoo
1041 2244 1069 2303 io
1091 2242 1273 2317 fortaorot

122 2320 178 2383 che
202 2342 236 2383 oe
255 2333 364 2384 tenera
385 2346 440 2405 per
459 2326 589 2398 Zenon,
613 2343 675 2385 non
698 2324 894 2407 vogiiandoee
910 2325 1042 2386 rendere
1062 2346 1123 2404 per
1143 2325 1213 2387 sor.

123 2426 156 2466 za
180 2404 210 2466 io
233 2428 332 2488 prese.
353 2404 471 2470 liberati
493 2407 516 2471 li
538 2405 685 2486 citudini‚
706 2405 727 2470 li
748 2408 869 2470 homini
887 2406 927 2469 do
948 2430 1035 2468 orme
1053 2407 1126 2468 tutti
1146 2408 1214 2472 fece

125 2489 252 2550 morire.
303 2491 488 2554 Portendoee
519 2493 559 2554 da
583 2491 733 2575 Chymin,
756 2513 854 2553 venne
872 2489 924 2552 olo
944 2491 1063 2552 emedio
1083 2491 1122 2551 de
1141 2494 1213 2554 Me·

126 2591 292 2649 nomenon,
316 2573 393 2635 dove
413 2595 466 2636 ere
488 2597 552 2636 uno
571 2574 631 2636 ben
654 2576 773 2635 munito
793 2587 823 2635 et
843 2574 926 2635 forte
947 2573 1070 2634 ensteiio
1090 2574 1212 2635 Arcon-

125 2655 213 2734 geio;
234 2655 263 2716 ei
286 2657 376 2801 epple
401 2655 441 2718 dn
459 2657 582 2720 Turohi
603 2657 657 2741 poi
679 2657 838 2718 mutanteii
858 2657 888 2718 ei
908 2677 999 2717 nome
1019 2655 1051 2716 io
1073 2656 1210 2718 ebioma-

125 2745 158 2797 to
179 2737 301 2800 Caiazio
325 2739 331 2754 '
397 2743 513 2818 Questo
535 2737 625 2802 iocho
654 2761 712 2822 per
730 2740 817 2802 forna
847 2740 886 2800 de
905 2738 1037 2820 betagiio
1055 2739 1086 2799 fo
1107 2761 1210 2821 preto.

125 2819 214 2882 Onde
234 2822 417 2904 portendooe
440 2845 541 2886 venne
560 2824 600 2885 ad
624 2823 809 2906 Ninpheon,
832 2823 862 2883 el
882 2822 954 2905 quoi
976 2821 1046 2882 loeo
1070 2823 1210 2883 combut-

111 2909 194 2964 ‘tuto
216 2905 248 2966 so
277 2927 375 2988 proso.
415 2907 459 2968 Et
489 2908 529 2968 da
552 2906 711 3051 Npmphoo
731 2928 832 2968 venne
856 2905 903 2966 ele
921 2904 1054 2966 Smiroe.
1095 2907 1212 2982 Queetn

124 2993 207 3050 terro
243 2989 283 3048 de
307 2989 428 3050 Smirne
452 2991 559 3051 Zenoit
590 2991 675 3052 ’evea
694 2989 756 3052 ben
777 2989 896 3050 munita
916 2987 957 3049 de
978 3006 1081 3068 grosse
1100 3009 1210 3065 mure,

125 3066 163 3128 de
183 3073 270 3132 molti
291 3071 410 3133 homini
442 3069 555 3134 d’nrme
574 3083 607 3134 et
638 3073 712 3155 ogni
741 3072 915 3134 munitione
935 3070 974 3130 dn
996 3068 1162 3130 defendere
1180 3083 1212 3130 ot

125 3151 289 3216 offendere.
346 3155 493 3216 florendo
523 3156 667 3238 adunque
694 3157 802 3217 Zonait
823 3155 856 3215 in
875 3162 984 3297 poeste
1004 3152 1064 3212 beo
1096 3153 1211 3214 sornito

124 3244 202 3297 terro
240 3238 280 3298 do
302 3239 423 3299 Smiroe
442 3239 548 3299 iaesnto
572 3250 764 3315 tuamen-e,
798 3259 855 3299 suo
887 3235 996 3297 rotello
1016 3244 1049 3296 et
1066 3235 1086 3296 ii
1107 3239 1154 3297 soi
1173 3237 1209 3296 ii-

124 3317 228 3399 giioii,
254 3320 298 3381 tui
322 3341 379 3382 con
401 3322 430 3382 ia
451 3341 505 3382 sue
525 3342 659 3403 persona
679 3321 759 3382 nodi)
781 3320 813 3382 in
832 3320 973 3403 Epheso,
994 3318 1134 3380 lassando
1155 3341 1209 3399 per

115 3403 316 3480 *governndor
335 3404 374 3465 de
401 3405 490 3466 castel
516 3403 557 3466 de
579 3403 746 3484 Nimpheon
768 3403 796 3464 ei
819 3425 875 3464 suo
897 3403 1024 3463 echiovo
1044 3413 1076 3463 et
1098 3423 1208 3462 zenon)

123 3483 277 3548 chiamoto
308 3485 467 3553 Auduiiot.
518 3483 559 3550 El
579 3487 652 3571 qual
671 3487 780 3549 tiendo
801 3489 853 3568 poi
872 3507 965 3569 proso
987 3484 1038 3544 nei
1058 3484 1151 3546 costel
1170 3485 1209 3543 de

126 3563 304 3652 Nympheon
327 3569 366 3631 <lo
382 3571 590 3650 mechonoth,
611 3569 644 3631 fo
663 3581 838 3653 presentato
856 3593 874 3629 a
895 3569 1030 3630 Pniosith
1053 3569 1208 3646 meesogio.

126 3649 242 3728 Questo
257 3651 391 3715 Poiosith
416 3656 510 3716 haren
531 3653 646 3736 grande
666 3655 779 3736 podere
799 3674 860 3714 eon
870 3651 1075 3732 Mechemeth,
1097 3661 1130 3711 et
1151 3669 1209 3730 per

127 3753 176 3793 suo
206 3735 274 3797 sede
294 3736 325 3796 iu
356 3737 455 3798 haren
480 3737 559 3798 iacto
580 3736 720 3820 principe
751 3736 818 3797 delo
846 3757 901 3797 soa
923 3746 1020 3797 corto.
1070 3732 1208 3792 Essendo

127 3817 268 3896 adunque
289 3819 424 3882 enehorn
441 3821 472 3881 in
484 3821 605 3902 Troeya
617 3821 754 3882 Peinsith
774 3821 822 3881 ooi
843 3841 899 3882 suo
912 3819 991 3879 duco
1003 3814 1206 3890 mehemeth,

54 3959 55 3962 ,
126 3901 236 3983 scripse
266 3923 327 3962 ono
346 3902 453 3964 teon-a
483 3903 522 3965 od
542 3903 652 3964 Zennit
671 3904 710 3964 de
739 3915 846 3986 questo
866 3915 982 3962 tenore.
1024 3898 1064 3958 Se
1087 3909 1121 3956 tu
1143 3895 1208 3958 voii

126 4003 206 4046 osser
234 3987 337 4066 signor
364 3986 401 4046 de
425 3989 508 4049 ionia
539 3997 569 4047 et
591 3986 672 4046 domi
694 4007 756 4046 nou
781 3983 877 4047 havet·
898 3985 1007 4044 oictnin
1028 3981 1208 4058 adversio,

128 4063 277 4130 domolo
307 4079 357 4129 tna
376 4069 483 4150 figiioin
506 4089 558 4152 por
579 4073 640 4129 mia
660 4091 747 4151 eposn
770 4070 903 4130 secondo
923 4066 952 4126 ie
974 4067 1035 4126 ione
1053 4066 1267 4134 monimo-ros

127 4147 222 4227 niele,
244 4163 275 4212 et
298 4151 336 4212 dn
358 4153 457 4236 quello
487 4154 564 4214 horo
584 4152 616 4213 in
645 4153 696 4235 poi
717 4151 833 4212 vivenai
855 4171 943 4210 senze
963 4169 1057 4230 perra
1080 4148 1129 4208 nei
1149 4157 1206 4208 tuo

127 4229 249 4298 ducato.
290 4237 469 4300 Mezentii
492 4235 652 4323 vogliondo
673 4244 802 4300 mostror
823 4234 920 4295 laeua
938 4230 1081 4316 superbie
1101 4243 1132 4293 et
1151 4251 1208 4296 ro·
