<?xml version="1.0" encoding="UTF-8"?>
<!DOCTYPE html PUBLIC "-//W3C//DTD XHTML 1.0 Transitional//EN"
    "http://www.w3.org/TR/xhtml1/DTD/xhtml1-transitional.dtd">
<html xmlns="http://www.w3.org/1999/xhtml" xml:lang="en" lang="en">
 <head>
  <title>
</title>
<meta http-equiv="Content-Type" content="text/html;charset=utf-8" />
  <meta name='ocr-system' content='tesseract 3.04.00' />
  <meta name='ocr-capabilities' content='ocr_page ocr_carea ocr_par ocr_line ocrx_word'/>
</head>
<body>
  <div class='ocr_page' id='page_1' title='image "./corpusscriptoru01unkngoog/corpusscriptoru01unkngoog_0257.png"; bbox 0 0 3075 4825; ppageno 0'>
   <div class='ocr_carea' id='block_1_1' title="bbox 306 320 1131 425">
    <p class='ocr_par' dir='ltr' id='par_1_1' title="bbox 306 320 1131 425">
     <span class='ocr_line' id='line_1_1' title="bbox 306 320 1131 425; baseline 0.004 -16"><span class='ocrx_word' id='word_1_1' title='bbox 306 320 400 425; x_wconf 65' lang='grc' dir='ltr'><strong><em>’τλά</em></strong></span> <span class='ocrx_word' id='word_1_2' title='bbox 573 346 712 415; x_wconf 77' lang='lat' dir='ltr'><strong>uucsu</strong></span> <span class='ocrx_word' id='word_1_3' title='bbox 729 346 944 413; x_wconf 71' lang='lat' dir='ltr'><strong>nicrinus</strong></span> <span class='ocrx_word' id='word_1_4' title='bbox 962 344 1131 412; x_wconf 71' lang='lat' dir='ltr'><strong>aaronis</strong></span> 
     </span>
    </p>
   </div>
   <div class='ocr_carea' id='block_1_2' title="bbox 211 489 1450 2762">
    <p class='ocr_par' dir='ltr' id='par_1_2' title="bbox 211 489 1450 2762">
     <span class='ocr_line' id='line_1_2' title="bbox 313 489 1398 587; baseline -0.008 -19"><span class='ocrx_word' id='word_1_5' title='bbox 313 502 406 587; x_wconf 68' lang='lat' dir='ltr'><strong>eistete</strong></span> <span class='ocrx_word' id='word_1_6' title='bbox 423 503 458 567; x_wconf 83' lang='grc' dir='ltr'><strong>τέ</strong></span> <span class='ocrx_word' id='word_1_7' title='bbox 472 494 683 583; x_wconf 77' lang='grc' dir='ltr'><strong><em>ποιήσομεν;“’</em></strong></span> <span class='ocrx_word' id='word_1_8' title='bbox 704 495 804 572; x_wconf 72' lang='grc' dir='ltr'><strong><em>αὐτὸς</em></strong></span> <span class='ocrx_word' id='word_1_9' title='bbox 818 498 853 562; x_wconf 80' lang='grc' dir='ltr'><strong>δὲ</strong></span> <span class='ocrx_word' id='word_1_10' title='bbox 867 494 1057 580; x_wconf 69' lang='grc' dir='ltr'><strong>ἐγκλεισθεὶς</strong></span> <span class='ocrx_word' id='word_1_11' title='bbox 1080 498 1135 561; x_wconf 73' lang='grc' dir='ltr'><strong><em>κατ’</em></strong></span> <span class='ocrx_word' id='word_1_12' title='bbox 1150 491 1272 579; x_wconf 79' lang='grc' dir='ltr'><strong><em>χάρτην</em></strong></span> <span class='ocrx_word' id='word_1_13' title='bbox 1291 489 1398 577; x_wconf 79' lang='grc' dir='ltr'><strong><em>λαβάκ</em></strong></span> 
     </span>
     <span class='ocr_line' id='line_1_3' title="bbox 282 589 1400 683; baseline -0.006 -18"><span class='ocrx_word' id='word_1_14' title='bbox 282 599 370 665; x_wconf 82' lang='grc' dir='ltr'><strong>1)καί</strong></span> <span class='ocrx_word' id='word_1_15' title='bbox 390 599 519 683; x_wconf 84' lang='grc' dir='ltr'><strong><em>γράψας</em></strong></span> <span class='ocrx_word' id='word_1_16' title='bbox 544 595 601 682; x_wconf 80' lang='grc' dir='ltr'><strong><em>τὴν</em></strong></span> <span class='ocrx_word' id='word_1_17' title='bbox 630 593 757 681; x_wconf 77' lang='grc' dir='ltr'><strong><em>γνάμην</em></strong></span> <span class='ocrx_word' id='word_1_18' title='bbox 784 590 883 660; x_wconf 77' lang='grc' dir='ltr'><strong><em>αὖτοῦ</em></strong></span> <span class='ocrx_word' id='word_1_19' title='bbox 914 593 970 660; x_wconf 84' lang='grc' dir='ltr'><strong>διά</strong></span> <span class='ocrx_word' id='word_1_20' title='bbox 989 599 1046 680; x_wconf 81' lang='grc' dir='ltr'><strong>τῆς</strong></span> <span class='ocrx_word' id='word_1_21' title='bbox 1067 596 1192 680; x_wconf 82' lang='grc' dir='ltr'><strong><em>γραφῆς</em></strong></span> <span class='ocrx_word' id='word_1_22' title='bbox 1210 589 1325 679; x_wconf 81' lang='grc' dir='ltr'><strong><em>ε’δὴλου</em></strong></span> <span class='ocrx_word' id='word_1_23' title='bbox 1344 594 1400 658; x_wconf 78' lang='grc' dir='ltr'><strong><em>καί</em></strong></span> 
     </span>
     <span class='ocr_line' id='line_1_4' title="bbox 312 684 1399 784; baseline -0.01 -18"><span class='ocrx_word' id='word_1_24' title='bbox 312 699 369 784; x_wconf 67' lang='grc' dir='ltr'><strong><em>τήν</em></strong></span> <span class='ocrx_word' id='word_1_25' title='bbox 394 699 588 782; x_wconf 77' lang='grc' dir='ltr'><strong><em>συμβουλήν.</em></strong></span> <span class='ocrx_word' id='word_1_26' title='bbox 632 694 672 761; x_wconf 84' lang='grc' dir='ltr'><strong>τά</strong></span> <span class='ocrx_word' id='word_1_27' title='bbox 691 698 854 782; x_wconf 75' lang='grc' dir='ltr'><strong>γραφέντα</strong></span> <span class='ocrx_word' id='word_1_28' title='bbox 885 684 941 759; x_wconf 70' lang='grc' dir='ltr'><strong><em>οὖν</em></strong></span> <span class='ocrx_word' id='word_1_29' title='bbox 961 688 1094 778; x_wconf 79' lang='grc' dir='ltr'><strong><em>έδὴλουν</em></strong></span> <span class='ocrx_word' id='word_1_30' title='bbox 1116 688 1225 768; x_wconf 76' lang='grc' dir='ltr'><strong><em>οὕτως.</em></strong></span> <span class='ocrx_word' id='word_1_31' title='bbox 1265 686 1399 774; x_wconf 63' lang='lat' dir='ltr'><strong>„illitos</strong></span> 
     </span>
     <span class='ocr_line' id='line_1_5' title="bbox 211 791 1399 881; baseline -0.003 -24"><span class='ocrx_word' id='word_1_32' title='bbox 211 803 243 857; x_wconf 77' lang='lat' dir='ltr'><strong>v.</strong></span> <span class='ocrx_word' id='word_1_33' title='bbox 257 800 480 881; x_wconf 72' lang='grc' dir='ltr'><strong><em>ιιλῬωμαέοι,</em></strong></span> <span class='ocrx_word' id='word_1_34' title='bbox 497 799 544 873; x_wconf 78' lang='grc' dir='ltr'><strong>εἰς</strong></span> <span class='ocrx_word' id='word_1_35' title='bbox 558 798 595 862; x_wconf 78' lang='grc' dir='ltr'><strong>σι’</strong></span> <span class='ocrx_word' id='word_1_36' title='bbox 608 793 820 880; x_wconf 70' lang='grc' dir='ltr'><strong><em>έπλανάθητε,</em></strong></span> <span class='ocrx_word' id='word_1_37' title='bbox 841 793 898 857; x_wconf 79' lang='grc' dir='ltr'><strong><em>καὶ</em></strong></span> <span class='ocrx_word' id='word_1_38' title='bbox 915 791 1156 877; x_wconf 83' lang='grc' dir='ltr'><strong><em>άπεμακράνατε</em></strong></span> <span class='ocrx_word' id='word_1_39' title='bbox 1179 792 1214 856; x_wconf 77' lang='grc' dir='ltr'><strong>ἐκ</strong></span> <span class='ocrx_word' id='word_1_40' title='bbox 1233 794 1290 875; x_wconf 77' lang='grc' dir='ltr'><strong><em>τῆς</em></strong></span> <span class='ocrx_word' id='word_1_41' title='bbox 1310 792 1399 855; x_wconf 66' lang='lat' dir='ltr'><strong>etut-</strong></span> 
     </span>
     <span class='ocr_line' id='line_1_6' title="bbox 313 886 1427 979; baseline -0.01 -16"><span class='ocrx_word' id='word_1_42' title='bbox 313 901 368 974; x_wconf 83' lang='grc' dir='ltr'><strong>δος</strong></span> <span class='ocrx_word' id='word_1_43' title='bbox 388 900 446 963; x_wconf 75' lang='grc' dir='ltr'><strong>τοῦ</strong></span> <span class='ocrx_word' id='word_1_44' title='bbox 467 899 566 979; x_wconf 75' lang='grc' dir='ltr'><strong><em>θεοῦ,</em></strong></span> <span class='ocrx_word' id='word_1_45' title='bbox 597 895 653 959; x_wconf 79' lang='grc' dir='ltr'><strong><em>καὶ</em></strong></span> <span class='ocrx_word' id='word_1_46' title='bbox 668 892 819 978; x_wconf 75' lang='grc' dir='ltr'><strong>ἠλπίσατε</strong></span> <span class='ocrx_word' id='word_1_47' title='bbox 839 896 885 967; x_wconf 85' lang='grc' dir='ltr'><strong>εἰς</strong></span> <span class='ocrx_word' id='word_1_48' title='bbox 904 888 963 975; x_wconf 71' lang='grc' dir='ltr'><strong><em>τὴν</em></strong></span> <span class='ocrx_word' id='word_1_49' title='bbox 984 890 1118 973; x_wconf 74' lang='grc' dir='ltr'><strong><em>δύναμιν</em></strong></span> <span class='ocrx_word' id='word_1_50' title='bbox 1138 892 1201 955; x_wconf 78' lang='grc' dir='ltr'><strong><em>τάν</em></strong></span> <span class='ocrx_word' id='word_1_51' title='bbox 1223 886 1427 973; x_wconf 79' lang='grc' dir='ltr'><strong><em>Φράγκιεν,5</em></strong></span> 
     </span>
     <span class='ocr_line' id='line_1_7' title="bbox 312 984 1400 1085; baseline -0.011 -22"><span class='ocrx_word' id='word_1_52' title='bbox 312 995 368 1064; x_wconf 73' lang='grc' dir='ltr'><strong><em>καὶ</em></strong></span> <span class='ocrx_word' id='word_1_53' title='bbox 383 996 444 1063; x_wconf 81' lang='grc' dir='ltr'><strong><em>σάν</em></strong></span> <span class='ocrx_word' id='word_1_54' title='bbox 464 1000 504 1085; x_wconf 78' lang='grc' dir='ltr'><strong>τῇ</strong></span> <span class='ocrx_word' id='word_1_55' title='bbox 532 993 623 1061; x_wconf 82' lang='grc' dir='ltr'><strong><em>πόλει</em></strong></span> <span class='ocrx_word' id='word_1_56' title='bbox 653 994 688 1059; x_wconf 84' lang='grc' dir='ltr'><strong><em>έν</em></strong></span> <span class='ocrx_word' id='word_1_57' title='bbox 707 985 728 1082; x_wconf 74' lang='grc' dir='ltr'><strong><em>ᾖ</em></strong></span> <span class='ocrx_word' id='word_1_58' title='bbox 749 994 856 1075; x_wconf 78' lang='grc' dir='ltr'><em>μέλλει</em></span> <span class='ocrx_word' id='word_1_59' title='bbox 892 992 1073 1077; x_wconf 75' lang='grc' dir='ltr'><strong><em>φθαρῆναι,</em></strong></span> <span class='ocrx_word' id='word_1_60' title='bbox 1094 988 1249 1073; x_wconf 77' lang='grc' dir='ltr'><strong><em>έσχάσατε</em></strong></span> <span class='ocrx_word' id='word_1_61' title='bbox 1268 987 1324 1053; x_wconf 79' lang='grc' dir='ltr'><strong><em>καὶ</em></strong></span> <span class='ocrx_word' id='word_1_62' title='bbox 1341 984 1400 1071; x_wconf 76' lang='grc' dir='ltr'><strong><em>τὴν</em></strong></span> 
     </span>
     <span class='ocr_line' id='line_1_8' title="bbox 312 1082 1400 1177; baseline -0.011 -16"><span class='ocrx_word' id='word_1_63' title='bbox 312 1092 479 1177; x_wconf 73' lang='grc' dir='ltr'><strong><em>εδσέςθειάκ</em></strong></span> <span class='ocrx_word' id='word_1_64' title='bbox 497 1118 567 1171; x_wconf 87' lang='grc' dir='ltr'><strong><em>σας.</em></strong></span> <span class='ocrx_word' id='word_1_65' title='bbox 610 1087 695 1168; x_wconf 77' lang='grc' dir='ltr'><strong><em>ἷλεάς</em></strong></span> <span class='ocrx_word' id='word_1_66' title='bbox 712 1114 785 1176; x_wconf 82' lang='grc' dir='ltr'><strong><em>μοι,</em></strong></span> <span class='ocrx_word' id='word_1_67' title='bbox 808 1090 918 1177; x_wconf 82' lang='grc' dir='ltr'><strong><em>κάριε·</em></strong></span> <span class='ocrx_word' id='word_1_68' title='bbox 958 1085 1162 1176; x_wconf 72' lang='grc' dir='ltr'><strong><em>μαρτύρομαι</em></strong></span> <span class='ocrx_word' id='word_1_69' title='bbox 1180 1082 1314 1154; x_wconf 72' lang='grc' dir='ltr'><strong><em>άνάπιάν</em></strong></span> <span class='ocrx_word' id='word_1_70' title='bbox 1338 1108 1400 1151; x_wconf 84' lang='grc' dir='ltr'><strong>σου</strong></span> 
     </span>
     <span class='ocr_line' id='line_1_9' title="bbox 312 1180 1402 1274; baseline -0.008 -16"><span class='ocrx_word' id='word_1_71' title='bbox 312 1189 362 1259; x_wconf 74' lang='grc' dir='ltr'><strong>ὅτι</strong></span> <span class='ocrx_word' id='word_1_72' title='bbox 382 1190 490 1269; x_wconf 78' lang='grc' dir='ltr'><strong><em>άθῶάς</em></strong></span> <span class='ocrx_word' id='word_1_73' title='bbox 512 1195 579 1274; x_wconf 74' lang='grc' dir='ltr'><strong><em>εἶμι</em></strong></span> <span class='ocrx_word' id='word_1_74' title='bbox 599 1193 658 1255; x_wconf 75' lang='grc' dir='ltr'><strong>τοῦ</strong></span> <span class='ocrx_word' id='word_1_75' title='bbox 676 1189 820 1255; x_wconf 80' lang='grc' dir='ltr'><strong><em>τοιούτου</em></strong></span> <span class='ocrx_word' id='word_1_76' title='bbox 840 1188 1042 1272; x_wconf 68' lang='grc' dir='ltr'><strong><em>πταίσματος.</em></strong></span> <span class='ocrx_word' id='word_1_77' title='bbox 1083 1186 1264 1271; x_wconf 78' lang='grc' dir='ltr'><strong><em>γινώσκετε,</em></strong></span> <span class='ocrx_word' id='word_1_78' title='bbox 1289 1180 1402 1250; x_wconf 81' lang='grc' dir='ltr'><strong><em>άθλιοι</em></strong></span> 
     </span>
     <span class='ocr_line' id='line_1_10' title="bbox 312 1282 1401 1377; baseline -0.01 -19"><span class='ocrx_word' id='word_1_79' title='bbox 312 1299 451 1373; x_wconf 71' lang='grc' dir='ltr'><strong><em>πολῖται,</em></strong></span> <span class='ocrx_word' id='word_1_80' title='bbox 468 1296 503 1357; x_wconf 77' lang='grc' dir='ltr'><strong>σι’</strong></span> <span class='ocrx_word' id='word_1_81' title='bbox 526 1296 655 1360; x_wconf 80' lang='grc' dir='ltr'><strong><em>ποιεῖτε.</em></strong></span> <span class='ocrx_word' id='word_1_82' title='bbox 702 1289 759 1358; x_wconf 71' lang='grc' dir='ltr'><strong><em>καὶ</em></strong></span> <span class='ocrx_word' id='word_1_83' title='bbox 776 1286 836 1354; x_wconf 74' lang='grc' dir='ltr'><strong><em>σὺν</em></strong></span> <span class='ocrx_word' id='word_1_84' title='bbox 860 1292 904 1377; x_wconf 74' lang='grc' dir='ltr'><strong>τῷ</strong></span> <span class='ocrx_word' id='word_1_85' title='bbox 933 1288 1202 1375; x_wconf 79' lang='grc' dir='ltr'><strong><em>αἰχμαλωτισμῷ,</em></strong></span> <span class='ocrx_word' id='word_1_86' title='bbox 1231 1282 1267 1361; x_wconf 82' lang='grc' dir='ltr'><strong>άς</strong></span> <span class='ocrx_word' id='word_1_87' title='bbox 1290 1290 1401 1365; x_wconf 81' lang='grc' dir='ltr'><strong><em>μέλλει</em></strong></span> 
     </span>
     <span class='ocr_line' id='line_1_11' title="bbox 312 1383 1448 1476; baseline -0.005 -19"><span class='ocrx_word' id='word_1_88' title='bbox 312 1391 459 1476; x_wconf 88' lang='grc' dir='ltr'><strong><em>γενέσθαι</em></strong></span> <span class='ocrx_word' id='word_1_89' title='bbox 490 1389 536 1463; x_wconf 80' lang='grc' dir='ltr'><strong>εἷς</strong></span> <span class='ocrx_word' id='word_1_90' title='bbox 568 1386 674 1469; x_wconf 71' lang='grc' dir='ltr'><strong><em>ὑμεῖς,</em></strong></span> <span class='ocrx_word' id='word_1_91' title='bbox 704 1385 861 1470; x_wconf 82' lang='grc' dir='ltr'><strong><em>έσχάσατε</em></strong></span> <span class='ocrx_word' id='word_1_92' title='bbox 881 1387 937 1451; x_wconf 82' lang='grc' dir='ltr'><strong><em>καί</em></strong></span> <span class='ocrx_word' id='word_1_93' title='bbox 965 1386 1000 1452; x_wconf 83' lang='grc' dir='ltr'><strong>τὸ</strong></span> <span class='ocrx_word' id='word_1_94' title='bbox 1038 1383 1318 1472; x_wconf 75' lang='grc' dir='ltr'><strong><em>πατροπαράδοτον</em></strong></span> <span class='ocrx_word' id='word_1_95' title='bbox 1344 1386 1402 1449; x_wconf 77' lang='grc' dir='ltr'><strong><em>κατ’</em></strong></span> <span class='ocrx_word' id='word_1_96' title='bbox 1413 1410 1448 1451; x_wconf 89' lang='grc' dir='ltr'><strong>ιο</strong></span> 
     </span>
     <span class='ocr_line' id='line_1_12' title="bbox 219 1474 1400 1577; baseline -0.01 -18"><span class='ocrx_word' id='word_1_97' title='bbox 219 1486 535 1577; x_wconf 64' lang='grc' dir='ltr'><strong><em>λλιςτοὸμολσγὴσατε</em></strong></span> <span class='ocrx_word' id='word_1_98' title='bbox 563 1485 622 1570; x_wconf 73' lang='grc' dir='ltr'><strong><em>τῆν</em></strong></span> <span class='ocrx_word' id='word_1_99' title='bbox 650 1489 817 1568; x_wconf 79' lang='grc' dir='ltr'><strong><em>α’σέβειαν·</em></strong></span> <span class='ocrx_word' id='word_1_100' title='bbox 867 1488 942 1551; x_wconf 77' lang='lat' dir='ltr'><strong>odai</strong></span> <span class='ocrx_word' id='word_1_101' title='bbox 968 1485 1044 1568; x_wconf 73' lang='grc' dir='ltr'><strong><em>ὑμῖν</em></strong></span> <span class='ocrx_word' id='word_1_102' title='bbox 1072 1488 1106 1551; x_wconf 83' lang='grc' dir='ltr'><strong><em>ἐν</em></strong></span> <span class='ocrx_word' id='word_1_103' title='bbox 1134 1474 1177 1576; x_wconf 63' lang='grc' dir='ltr'><strong>τρῖ</strong></span> <span class='ocrx_word' id='word_1_104' title='bbox 1204 1485 1400 1572; x_wconf 81' lang='grc' dir='ltr'><strong><em>κρι’νεσθαι.”</em></strong></span> 
     </span>
     <span class='ocr_line' id='line_1_13' title="bbox 312 1581 1401 1671; baseline -0.007 -16"><span class='ocrx_word' id='word_1_105' title='bbox 312 1589 411 1655; x_wconf 78' lang='grc' dir='ltr'><strong><em>ταῦτα</em></strong></span> <span class='ocrx_word' id='word_1_106' title='bbox 431 1584 489 1651; x_wconf 75' lang='grc' dir='ltr'><strong><em>καῖ</em></strong></span> <span class='ocrx_word' id='word_1_107' title='bbox 513 1587 607 1671; x_wconf 71' lang='grc' dir='ltr'><strong><em>ἕτερα</em></strong></span> <span class='ocrx_word' id='word_1_108' title='bbox 640 1588 739 1649; x_wconf 79' lang='grc' dir='ltr'><strong><em>πλείω</em></strong></span> <span class='ocrx_word' id='word_1_109' title='bbox 755 1581 885 1671; x_wconf 84' lang='grc' dir='ltr'><strong><em>γράψας</em></strong></span> <span class='ocrx_word' id='word_1_110' title='bbox 907 1582 963 1649; x_wconf 84' lang='grc' dir='ltr'><strong><em>καί</em></strong></span> <span class='ocrx_word' id='word_1_111' title='bbox 981 1584 1026 1662; x_wconf 81' lang='grc' dir='ltr'><strong>εἰς</strong></span> <span class='ocrx_word' id='word_1_112' title='bbox 1046 1583 1104 1670; x_wconf 72' lang='grc' dir='ltr'><strong><em>τὴν</em></strong></span> <span class='ocrx_word' id='word_1_113' title='bbox 1122 1586 1229 1669; x_wconf 76' lang='grc' dir='ltr'><strong><em>θύραν</em></strong></span> <span class='ocrx_word' id='word_1_114' title='bbox 1251 1585 1310 1649; x_wconf 78' lang='grc' dir='ltr'><strong>τοῦ</strong></span> <span class='ocrx_word' id='word_1_115' title='bbox 1328 1590 1401 1648; x_wconf 92' lang='grc' dir='ltr'><strong><em>κελ-</em></strong></span> 
     </span>
     <span class='ocr_line' id='line_1_14' title="bbox 312 1682 1402 1772; baseline -0.006 -19"><span class='ocrx_word' id='word_1_116' title='bbox 312 1692 383 1753; x_wconf 84' lang='grc' dir='ltr'><strong>λιόν</strong></span> <span class='ocrx_word' id='word_1_117' title='bbox 404 1686 504 1753; x_wconf 60' lang='lat' dir='ltr'><strong>astam</strong></span> <span class='ocrx_word' id='word_1_118' title='bbox 521 1688 727 1772; x_wconf 78' lang='grc' dir='ltr'><strong><em>προσηλώσας</em></strong></span> <span class='ocrx_word' id='word_1_119' title='bbox 747 1688 893 1770; x_wconf 72' lang='grc' dir='ltr'><strong><em>ἐκλείσθη</em></strong></span> <span class='ocrx_word' id='word_1_120' title='bbox 916 1682 1020 1765; x_wconf 79' lang='grc' dir='ltr'><strong><em>ἔνδον,</em></strong></span> <span class='ocrx_word' id='word_1_121' title='bbox 1041 1684 1096 1749; x_wconf 78' lang='grc' dir='ltr'><strong><em>καί</em></strong></span> <span class='ocrx_word' id='word_1_122' title='bbox 1115 1682 1133 1749; x_wconf 83' lang='grc' dir='ltr'><strong><em>ά</em></strong></span> <span class='ocrx_word' id='word_1_123' title='bbox 1151 1683 1274 1771; x_wconf 78' lang='grc' dir='ltr'><strong><em>χάρτης</em></strong></span> <span class='ocrx_word' id='word_1_124' title='bbox 1294 1682 1402 1766; x_wconf 79' lang='grc' dir='ltr'><strong><em>α’νεγι-</em></strong></span> 
     </span>
     <span class='ocr_line' id='line_1_15' title="bbox 312 1780 1402 1869; baseline -0.004 -18"><span class='ocrx_word' id='word_1_125' title='bbox 312 1784 458 1851; x_wconf 79' lang='grc' dir='ltr'><strong><em>νάσκετο.</em></strong></span> <span class='ocrx_word' id='word_1_126' title='bbox 481 1780 549 1850; x_wconf 82' lang='grc' dir='ltr'><strong><em>τότε</em></strong></span> <span class='ocrx_word' id='word_1_127' title='bbox 568 1782 604 1849; x_wconf 80' lang='grc' dir='ltr'><strong><em>αἱ</em></strong></span> <span class='ocrx_word' id='word_1_128' title='bbox 616 1786 767 1848; x_wconf 76' lang='grc' dir='ltr'><strong><em>δοκοῦσαι</em></strong></span> <span class='ocrx_word' id='word_1_129' title='bbox 780 1782 923 1868; x_wconf 78' lang='grc' dir='ltr'><strong><em>καθαραὶ</em></strong></span> <span class='ocrx_word' id='word_1_130' title='bbox 944 1785 998 1847; x_wconf 83' lang='grc' dir='ltr'><strong><em>καὶ</em></strong></span> <span class='ocrx_word' id='word_1_131' title='bbox 1017 1785 1062 1859; x_wconf 86' lang='grc' dir='ltr'><strong>εἰς</strong></span> <span class='ocrx_word' id='word_1_132' title='bbox 1081 1781 1156 1848; x_wconf 84' lang='grc' dir='ltr'><strong><em>θεὸν</em></strong></span> <span class='ocrx_word' id='word_1_133' title='bbox 1176 1786 1211 1848; x_wconf 76' lang='grc' dir='ltr'><strong><em>ἐν</em></strong></span> <span class='ocrx_word' id='word_1_134' title='bbox 1231 1784 1402 1869; x_wconf 76' lang='grc' dir='ltr'><strong><em>σ’ρθοδοξίᾳ</em></strong></span> 
     </span>
     <span class='ocr_line' id='line_1_16' title="bbox 312 1879 1448 1968; baseline -0.003 -18"><span class='ocrx_word' id='word_1_135' title='bbox 312 1885 525 1967; x_wconf 82' lang='grc' dir='ltr'><strong><em>σχολάζουσαι</em></strong></span> <span class='ocrx_word' id='word_1_136' title='bbox 536 1881 742 1968; x_wconf 84' lang='grc' dir='ltr'><strong><em>μονάστριαι,</em></strong></span> <span class='ocrx_word' id='word_1_137' title='bbox 757 1879 837 1949; x_wconf 87' lang='grc' dir='ltr'><strong><em>κατά</em></strong></span> <span class='ocrx_word' id='word_1_138' title='bbox 852 1879 887 1947; x_wconf 82' lang='grc' dir='ltr'><strong>τὸ</strong></span> <span class='ocrx_word' id='word_1_139' title='bbox 903 1884 1015 1946; x_wconf 78' lang='grc' dir='ltr'><strong><em>δοκοῦν</em></strong></span> <span class='ocrx_word' id='word_1_140' title='bbox 1026 1884 1137 1957; x_wconf 64' lang='grc' dir='ltr'><strong><em>αὐτοῖς</em></strong></span> <span class='ocrx_word' id='word_1_141' title='bbox 1151 1887 1207 1947; x_wconf 98' lang='grc' dir='ltr'><strong><em>καί</em></strong></span> <span class='ocrx_word' id='word_1_142' title='bbox 1223 1879 1278 1948; x_wconf 80' lang='grc' dir='ltr'><strong><em>τάν</em></strong></span> <span class='ocrx_word' id='word_1_143' title='bbox 1293 1883 1403 1945; x_wconf 67' lang='grc' dir='ltr'><strong><em>αὐτῶν</em></strong></span> <span class='ocrx_word' id='word_1_144' title='bbox 1414 1886 1448 1947; x_wconf 82' lang='grc' dir='ltr'><strong>ι5</strong></span> 
     </span>
     <span class='ocr_line' id='line_1_17' title="bbox 312 1978 1403 2064; baseline -0.002 -17"><span class='ocrx_word' id='word_1_145' title='bbox 312 1978 501 2049; x_wconf 78' lang='grc' dir='ltr'><strong><em>διδάσκαλον</em></strong></span> <span class='ocrx_word' id='word_1_146' title='bbox 510 1984 541 2049; x_wconf 88' lang='grc' dir='ltr'><strong><em>Γ</em></strong></span> <span class='ocrx_word' id='word_1_147' title='bbox 539 1982 689 2064; x_wconf 82' lang='grc' dir='ltr'><strong><em>εννάιλιον,</em></strong></span> <span class='ocrx_word' id='word_1_148' title='bbox 708 1978 830 2046; x_wconf 78' lang='grc' dir='ltr'><strong><em>ἅπασαι</em></strong></span> <span class='ocrx_word' id='word_1_149' title='bbox 847 1978 908 2046; x_wconf 81' lang='grc' dir='ltr'><strong><em>σάν</em></strong></span> <span class='ocrx_word' id='word_1_150' title='bbox 923 1987 989 2057; x_wconf 85' lang='grc' dir='ltr'><strong><em>τοῖς</em></strong></span> <span class='ocrx_word' id='word_1_151' title='bbox 1000 1980 1182 2064; x_wconf 76' lang='grc' dir='ltr'><strong><em>ἡγουμένοις</em></strong></span> <span class='ocrx_word' id='word_1_152' title='bbox 1193 1979 1249 2046; x_wconf 72' lang='grc' dir='ltr'><strong><em>καὶ</em></strong></span> <span class='ocrx_word' id='word_1_153' title='bbox 1258 2004 1403 2063; x_wconf 80' lang='grc' dir='ltr'><strong><em>πνευμα-</em></strong></span> 
     </span>
     <span class='ocr_line' id='line_1_18' title="bbox 311 2076 1402 2167; baseline -0.002 -19"><span class='ocrx_word' id='word_1_154' title='bbox 311 2090 408 2158; x_wconf 81' lang='grc' dir='ltr'><strong><em>τικοῖς</em></strong></span> <span class='ocrx_word' id='word_1_155' title='bbox 426 2084 480 2147; x_wconf 77' lang='grc' dir='ltr'><strong><em>κατ’</em></strong></span> <span class='ocrx_word' id='word_1_156' title='bbox 499 2089 617 2157; x_wconf 81' lang='grc' dir='ltr'><strong><em>λοιπαῖς</em></strong></span> <span class='ocrx_word' id='word_1_157' title='bbox 638 2078 761 2167; x_wconf 74' lang='grc' dir='ltr'><strong><em>ἱερεῦσι</em></strong></span> <span class='ocrx_word' id='word_1_158' title='bbox 781 2083 836 2146; x_wconf 84' lang='grc' dir='ltr'><strong><em>καί</em></strong></span> <span class='ocrx_word' id='word_1_159' title='bbox 855 2084 975 2156; x_wconf 77' lang='grc' dir='ltr'><strong><em>λαῖκοῖς</em></strong></span> <span class='ocrx_word' id='word_1_160' title='bbox 992 2082 1027 2147; x_wconf 79' lang='grc' dir='ltr'><strong>τὸ</strong></span> <span class='ocrx_word' id='word_1_161' title='bbox 1050 2076 1199 2164; x_wconf 79' lang='grc' dir='ltr'><strong><em>α’νάθεμα</em></strong></span> <span class='ocrx_word' id='word_1_162' title='bbox 1219 2078 1402 2167; x_wconf 75' lang='grc' dir='ltr'><strong><em>ἐξεβόησαν,</em></strong></span> 
     </span>
     <span class='ocr_line' id='line_1_19' title="bbox 312 2175 1403 2267; baseline -0.002 -21"><span class='ocrx_word' id='word_1_163' title='bbox 312 2184 367 2247; x_wconf 83' lang='grc' dir='ltr'><strong><em>καί</em></strong></span> <span class='ocrx_word' id='word_1_164' title='bbox 384 2178 441 2247; x_wconf 77' lang='grc' dir='ltr'><strong><em>τὸν</em></strong></span> <span class='ocrx_word' id='word_1_165' title='bbox 456 2175 531 2266; x_wconf 80' lang='grc' dir='ltr'><strong><em>ὅρον</em></strong></span> <span class='ocrx_word' id='word_1_166' title='bbox 545 2182 600 2267; x_wconf 76' lang='grc' dir='ltr'><strong>τῆς</strong></span> <span class='ocrx_word' id='word_1_167' title='bbox 615 2177 752 2246; x_wconf 85' lang='grc' dir='ltr'><strong><em>σονάδοο</em></strong></span> <span class='ocrx_word' id='word_1_168' title='bbox 773 2178 829 2245; x_wconf 74' lang='grc' dir='ltr'><strong><em>καὶ</em></strong></span> <span class='ocrx_word' id='word_1_169' title='bbox 848 2176 923 2255; x_wconf 76' lang='grc' dir='ltr'><strong>τούς</strong></span> <span class='ocrx_word' id='word_1_170' title='bbox 945 2182 1127 2263; x_wconf 81' lang='grc' dir='ltr'><strong><em>στέρξαντας</em></strong></span> <span class='ocrx_word' id='word_1_171' title='bbox 1141 2181 1196 2245; x_wconf 83' lang='grc' dir='ltr'><strong><em>καί</em></strong></span> <span class='ocrx_word' id='word_1_172' title='bbox 1210 2184 1403 2266; x_wconf 75' lang='grc' dir='ltr'><strong><em>στέργοντας</em></strong></span> 
     </span>
     <span class='ocr_line' id='line_1_20' title="bbox 311 2272 1404 2366; baseline -0.003 -21"><span class='ocrx_word' id='word_1_173' title='bbox 311 2278 368 2345; x_wconf 78' lang='grc' dir='ltr'><strong>καλ</strong></span> <span class='ocrx_word' id='word_1_174' title='bbox 380 2281 548 2362; x_wconf 85' lang='grc' dir='ltr'><strong><em>μέλλοντας</em></strong></span> <span class='ocrx_word' id='word_1_175' title='bbox 562 2282 690 2366; x_wconf 77' lang='grc' dir='ltr'><strong><em>στέρξαι</em></strong></span> <span class='ocrx_word' id='word_1_176' title='bbox 702 2272 943 2359; x_wconf 86' lang='grc' dir='ltr'><strong><em>άνεθεμάιισαν.</em></strong></span> <span class='ocrx_word' id='word_1_177' title='bbox 961 2276 1129 2361; x_wconf 70' lang='grc' dir='ltr'><strong><em>άχοιλαλος</em></strong></span> <span class='ocrx_word' id='word_1_178' title='bbox 1143 2272 1200 2344; x_wconf 77' lang='grc' dir='ltr'><strong><em>σάν</em></strong></span> <span class='ocrx_word' id='word_1_179' title='bbox 1210 2277 1266 2344; x_wconf 74' lang='grc' dir='ltr'><strong><em>καὶ</em></strong></span> <span class='ocrx_word' id='word_1_180' title='bbox 1277 2273 1404 2364; x_wconf 76' lang='grc' dir='ltr'><strong><em>άγοραῖ·</em></strong></span> 
     </span>
     <span class='ocr_line' id='line_1_21' title="bbox 312 2376 1450 2465; baseline -0.001 -20"><span class='ocrx_word' id='word_1_181' title='bbox 312 2404 346 2457; x_wconf 88' lang='grc' dir='ltr'><strong>ος</strong></span> <span class='ocrx_word' id='word_1_182' title='bbox 359 2378 432 2456; x_wconf 85' lang='grc' dir='ltr'><strong><em>λαὸς</em></strong></span> <span class='ocrx_word' id='word_1_183' title='bbox 446 2376 625 2460; x_wconf 64' lang='grc' dir='ltr'><strong><em>ἐξελθόντες</em></strong></span> <span class='ocrx_word' id='word_1_184' title='bbox 638 2380 673 2445; x_wconf 79' lang='grc' dir='ltr'><strong>ἐκ</strong></span> <span class='ocrx_word' id='word_1_185' title='bbox 689 2379 745 2465; x_wconf 76' lang='grc' dir='ltr'><strong>τῆς</strong></span> <span class='ocrx_word' id='word_1_186' title='bbox 757 2378 859 2464; x_wconf 70' lang='grc' dir='ltr'><strong><em>αὐλῆς</em></strong></span> <span class='ocrx_word' id='word_1_187' title='bbox 874 2380 931 2444; x_wconf 82' lang='grc' dir='ltr'><strong>τοῦ</strong></span> <span class='ocrx_word' id='word_1_188' title='bbox 944 2378 1153 2464; x_wconf 79' lang='grc' dir='ltr'><strong><em>μσνασιηρέοο</em></strong></span> <span class='ocrx_word' id='word_1_189' title='bbox 1166 2378 1201 2444; x_wconf 73' lang='grc' dir='ltr'><strong><em>ἓν</em></strong></span> <span class='ocrx_word' id='word_1_190' title='bbox 1210 2377 1401 2464; x_wconf 74' lang='grc' dir='ltr'><strong><em>καπηλείοις,</em></strong></span> <span class='ocrx_word' id='word_1_191' title='bbox 1410 2402 1450 2444; x_wconf 86' lang='lat' dir='ltr'><strong>ao</strong></span> 
     </span>
     <span class='ocr_line' id='line_1_22' title="bbox 282 2471 1402 2565; baseline -0.003 -23"><span class='ocrx_word' id='word_1_192' title='bbox 282 2482 484 2565; x_wconf 77' lang='grc' dir='ltr'><strong><em>Βκρατάντες</em></strong></span> <span class='ocrx_word' id='word_1_193' title='bbox 502 2480 537 2542; x_wconf 81' lang='grc' dir='ltr'><strong><em>έν</em></strong></span> <span class='ocrx_word' id='word_1_194' title='bbox 556 2482 651 2562; x_wconf 71' lang='grc' dir='ltr'><strong><em>χερσὶ</em></strong></span> <span class='ocrx_word' id='word_1_195' title='bbox 668 2477 724 2555; x_wconf 86' lang='grc' dir='ltr'><strong>τάς</strong></span> <span class='ocrx_word' id='word_1_196' title='bbox 744 2473 862 2563; x_wconf 84' lang='grc' dir='ltr'><strong><em>φιάλας</em></strong></span> <span class='ocrx_word' id='word_1_197' title='bbox 881 2476 1010 2564; x_wconf 77' lang='grc' dir='ltr'><strong><em>πλήρεις</em></strong></span> <span class='ocrx_word' id='word_1_198' title='bbox 1029 2471 1188 2563; x_wconf 84' lang='grc' dir='ltr'><strong><em>οἷκράτοο,</em></strong></span> <span class='ocrx_word' id='word_1_199' title='bbox 1209 2475 1402 2558; x_wconf 80' lang='grc' dir='ltr'><strong><em>ἀνεθεμάτι-</em></strong></span> 
     </span>
     <span class='ocr_line' id='line_1_23' title="bbox 315 2571 1402 2660; baseline 0 -19"><span class='ocrx_word' id='word_1_200' title='bbox 315 2581 369 2656; x_wconf 82' lang='grc' dir='ltr'><strong><em>ζον</em></strong></span> <span class='ocrx_word' id='word_1_201' title='bbox 386 2576 460 2653; x_wconf 78' lang='grc' dir='ltr'><strong>τούς</strong></span> <span class='ocrx_word' id='word_1_202' title='bbox 479 2571 663 2658; x_wconf 73' lang='grc' dir='ltr'><strong><em>ἕνωεικοάς,</em></strong></span> <span class='ocrx_word' id='word_1_203' title='bbox 685 2578 827 2652; x_wconf 76' lang='grc' dir='ltr'><strong><em>πίνοντες</em></strong></span> <span class='ocrx_word' id='word_1_204' title='bbox 858 2577 904 2652; x_wconf 83' lang='grc' dir='ltr'><strong>εἰς</strong></span> <span class='ocrx_word' id='word_1_205' title='bbox 932 2573 1101 2660; x_wconf 73' lang='grc' dir='ltr'><strong><em>πρεσβείαν</em></strong></span> <span class='ocrx_word' id='word_1_206' title='bbox 1120 2578 1177 2660; x_wconf 82' lang='grc' dir='ltr'><strong>τῆς</strong></span> <span class='ocrx_word' id='word_1_207' title='bbox 1208 2575 1326 2652; x_wconf 82' lang='grc' dir='ltr'><strong><em>εἰκόνος</em></strong></span> <span class='ocrx_word' id='word_1_208' title='bbox 1345 2579 1402 2660; x_wconf 76' lang='grc' dir='ltr'><strong><em>τῆς</em></strong></span> 
     </span>
     <span class='ocr_line' id='line_1_24' title="bbox 314 2674 1402 2762; baseline 0.005 -23"><span class='ocrx_word' id='word_1_209' title='bbox 314 2674 523 2760; x_wconf 70' lang='grc' dir='ltr'><strong><em>θεομήτορος,</em></strong></span> <span class='ocrx_word' id='word_1_210' title='bbox 542 2675 598 2741; x_wconf 76' lang='grc' dir='ltr'><strong><em>καὶ</em></strong></span> <span class='ocrx_word' id='word_1_211' title='bbox 615 2678 868 2760; x_wconf 80' lang='grc' dir='ltr'><strong><em>παρακαλοῦντες</em></strong></span> <span class='ocrx_word' id='word_1_212' title='bbox 896 2674 996 2758; x_wconf 74' lang='lat' dir='ltr'><strong>odaria</strong></span> <span class='ocrx_word' id='word_1_213' title='bbox 1014 2675 1073 2740; x_wconf 74' lang='lat' dir='ltr'><strong>sod</strong></span> <span class='ocrx_word' id='word_1_214' title='bbox 1091 2677 1239 2758; x_wconf 85' lang='grc' dir='ltr'><strong><em>γενέσθαι</em></strong></span> <span class='ocrx_word' id='word_1_215' title='bbox 1261 2678 1402 2762; x_wconf 79' lang='grc' dir='ltr'><strong><em>προστά-</em></strong></span> 
     </span>
    </p>
   </div>
   <div class='ocr_carea' id='block_1_3' title="bbox 314 2898 1406 4312">
    <p class='ocr_par' dir='ltr' id='par_1_3' title="bbox 314 2898 1406 4312">
     <span class='ocr_line' id='line_1_25' title="bbox 315 2898 1400 2975; baseline 0.005 -21"><span class='ocrx_word' id='word_1_216' title='bbox 315 2899 463 2956; x_wconf 88' lang='lat' dir='ltr'><strong>nasteriusn</strong></span> <span class='ocrx_word' id='word_1_217' title='bbox 482 2906 609 2964; x_wconf 84' lang='lat' dir='ltr'><strong>currunt,</strong></span> <span class='ocrx_word' id='word_1_218' title='bbox 627 2898 810 2964; x_wconf 73' lang='lat' dir='ltr'>Gennadium,</span> <span class='ocrx_word' id='word_1_219' title='bbox 829 2907 910 2952; x_wconf 83' lang='lat' dir='ltr'><strong>antea</strong></span> <span class='ocrx_word' id='word_1_220' title='bbox 928 2899 1075 2968; x_wconf 78' lang='lat' dir='ltr'><strong>Georgium</strong></span> <span class='ocrx_word' id='word_1_221' title='bbox 1092 2900 1254 2954; x_wconf 70' lang='lat' dir='ltr'><strong>scholarium</strong></span> <span class='ocrx_word' id='word_1_222' title='bbox 1274 2906 1400 2975; x_wconf 84' lang='lat' dir='ltr'><strong>appella·</strong></span> 
     </span>
     <span class='ocr_line' id='line_1_26' title="bbox 314 2969 1399 3041; baseline 0.008 -21"><span class='ocrx_word' id='word_1_223' title='bbox 314 2983 392 3036; x_wconf 77' lang='lat' dir='ltr'><strong>sum,</strong></span> <span class='ocrx_word' id='word_1_224' title='bbox 422 2971 540 3031; x_wconf 78' lang='lat' dir='ltr'><strong>adeunt,</strong></span> <span class='ocrx_word' id='word_1_225' title='bbox 563 2971 761 3040; x_wconf 66' lang='lat' dir='ltr'><strong>consiliumque</strong></span> <span class='ocrx_word' id='word_1_226' title='bbox 788 2970 822 3020; x_wconf 88' lang='lat' dir='ltr'><strong>sb</strong></span> <span class='ocrx_word' id='word_1_227' title='bbox 847 2987 896 3032; x_wconf 90' lang='lat' dir='ltr'><strong>eo,</strong></span> <span class='ocrx_word' id='word_1_228' title='bbox 927 2969 1065 3040; x_wconf 86' lang='lat' dir='ltr'><strong>quomodo</strong></span> <span class='ocrx_word' id='word_1_229' title='bbox 1090 2987 1119 3023; x_wconf 88' lang='lat' dir='ltr'><strong>se</strong></span> <span class='ocrx_word' id='word_1_230' title='bbox 1144 2989 1236 3041; x_wconf 77' lang='lat' dir='ltr'>gerere</span> <span class='ocrx_word' id='word_1_231' title='bbox 1260 2975 1399 3040; x_wconf 85' lang='lat' dir='ltr'><strong>debeant,</strong></span> 
     </span>
     <span class='ocr_line' id='line_1_27' title="bbox 315 3040 1400 3115; baseline 0.005 -20"><span class='ocrx_word' id='word_1_232' title='bbox 315 3049 422 3115; x_wconf 83' lang='lat' dir='ltr'><strong>petunt</strong></span> <span class='ocrx_word' id='word_1_233' title='bbox 441 3043 464 3095; x_wconf 89' lang='lat' dir='ltr'><strong>ls</strong></span> <span class='ocrx_word' id='word_1_234' title='bbox 485 3041 619 3094; x_wconf 87' lang='lat' dir='ltr'><strong>inclusum</strong></span> <span class='ocrx_word' id='word_1_235' title='bbox 637 3057 666 3092; x_wconf 88' lang='lat' dir='ltr'><strong>se</strong></span> <span class='ocrx_word' id='word_1_236' title='bbox 677 3040 746 3092; x_wconf 84' lang='lat' dir='ltr'><strong>cella</strong></span> <span class='ocrx_word' id='word_1_237' title='bbox 765 3040 898 3106; x_wconf 85' lang='lat' dir='ltr'><strong>tenebat;</strong></span> <span class='ocrx_word' id='word_1_238' title='bbox 913 3049 1019 3110; x_wconf 68' lang='lat' dir='ltr'><strong>surrupta</strong></span> <span class='ocrx_word' id='word_1_239' title='bbox 1042 3057 1105 3110; x_wconf 80' lang='lat' dir='ltr'><strong>ergo</strong></span> <span class='ocrx_word' id='word_1_240' title='bbox 1124 3041 1217 3094; x_wconf 87' lang='lat' dir='ltr'><strong>charta</strong></span> <span class='ocrx_word' id='word_1_241' title='bbox 1234 3048 1400 3099; x_wconf 84' lang='lat' dir='ltr'><strong>sententiam</strong></span> 
     </span>
     <span class='ocr_line' id='line_1_28' title="bbox 315 3111 1400 3218; baseline 0.005 -53"><span class='ocrx_word' id='word_1_242' title='bbox 315 3131 391 3166; x_wconf 83' lang='lat' dir='ltr'><strong>susm</strong></span> <span class='ocrx_word' id='word_1_243' title='bbox 418 3113 616 3182; x_wconf 68' lang='lat' dir='ltr'><strong>consiliumque</strong></span> <span class='ocrx_word' id='word_1_244' title='bbox 641 3113 742 3218; x_wconf 83' lang='lat' dir='ltr'><strong>scripto</strong></span> <span class='ocrx_word' id='word_1_245' title='bbox 764 3111 868 3180; x_wconf 79' lang='lat' dir='ltr'><strong>aperit3</strong></span> <span class='ocrx_word' id='word_1_246' title='bbox 896 3127 950 3180; x_wconf 91' lang='lat' dir='ltr'><strong>quo</strong></span> <span class='ocrx_word' id='word_1_247' title='bbox 969 3111 1036 3162; x_wconf 84' lang='lat' dir='ltr'><strong>talia</strong></span> <span class='ocrx_word' id='word_1_248' title='bbox 1054 3113 1272 3167; x_wconf 85' lang='lat' dir='ltr'><strong>continebantur.</strong></span> <span class='ocrx_word' id='word_1_249' title='bbox 1289 3119 1400 3176; x_wconf 87' lang='lat' dir='ltr'><strong>„miseri</strong></span> 
     </span>
     <span class='ocr_line' id='line_1_29' title="bbox 315 3181 1400 3303; baseline 0.003 -67"><span class='ocrx_word' id='word_1_250' title='bbox 315 3185 443 3247; x_wconf 86' lang='lat' dir='ltr'><strong>llomaei,</strong></span> <span class='ocrx_word' id='word_1_251' title='bbox 462 3200 517 3303; x_wconf 58' lang='lat' dir='ltr'><strong>appo</strong></span> <span class='ocrx_word' id='word_1_252' title='bbox 545 3183 703 3233; x_wconf 74' lang='lat' dir='ltr'><strong>aberrastis.</strong></span> <span class='ocrx_word' id='word_1_253' title='bbox 726 3190 755 3233; x_wconf 91' lang='lat' dir='ltr'><strong>et</strong></span> <span class='ocrx_word' id='word_1_254' title='bbox 780 3199 796 3230; x_wconf 86' lang='lat' dir='ltr'><strong>a</strong></span> <span class='ocrx_word' id='word_1_255' title='bbox 813 3197 878 3250; x_wconf 87' lang='lat' dir='ltr'><strong>spe,</strong></span> <span class='ocrx_word' id='word_1_256' title='bbox 897 3197 967 3286; x_wconf 64' lang='grc' dir='ltr'><strong><em>φασιν</em></strong></span> <span class='ocrx_word' id='word_1_257' title='bbox 983 3181 1012 3232; x_wconf 88' lang='lat' dir='ltr'><strong>iu</strong></span> <span class='ocrx_word' id='word_1_258' title='bbox 1032 3181 1083 3233; x_wconf 86' lang='lat' dir='ltr'><strong>deo</strong></span> <span class='ocrx_word' id='word_1_259' title='bbox 1104 3185 1223 3253; x_wconf 79' lang='lat' dir='ltr'><strong>reposita</strong></span> <span class='ocrx_word' id='word_1_260' title='bbox 1241 3195 1297 3250; x_wconf 87' lang='lat' dir='ltr'><strong>est,</strong></span> <span class='ocrx_word' id='word_1_261' title='bbox 1313 3189 1400 3254; x_wconf 56' lang='lat' dir='ltr'><strong>Fran*</strong></span> 
     </span>
     <span class='ocr_line' id='line_1_30' title="bbox 316 3249 1400 3328; baseline 0.006 -23"><span class='ocrx_word' id='word_1_262' title='bbox 316 3271 407 3306; x_wconf 89' lang='lat' dir='ltr'><strong>corum</strong></span> <span class='ocrx_word' id='word_1_263' title='bbox 424 3253 475 3304; x_wconf 78' lang='lat' dir='ltr'><strong>viri</strong></span> <span class='ocrx_word' id='word_1_264' title='bbox 495 3270 526 3302; x_wconf 88' lang='lat' dir='ltr'><strong>us</strong></span> <span class='ocrx_word' id='word_1_265' title='bbox 538 3252 633 3304; x_wconf 84' lang='lat' dir='ltr'><strong>conlisi</strong></span> <span class='ocrx_word' id='word_1_266' title='bbox 651 3252 732 3320; x_wconf 78' lang='lat' dir='ltr'><strong>longe</strong></span> <span class='ocrx_word' id='word_1_267' title='bbox 750 3249 912 3304; x_wconf 80' lang='lat' dir='ltr'><strong>recessistis.</strong></span> <span class='ocrx_word' id='word_1_268' title='bbox 938 3267 997 3302; x_wconf 88' lang='lat' dir='ltr'><strong>cum</strong></span> <span class='ocrx_word' id='word_1_269' title='bbox 1016 3252 1073 3322; x_wconf 84' lang='lat' dir='ltr'><strong>ipsa</strong></span> <span class='ocrx_word' id='word_1_270' title='bbox 1095 3253 1162 3304; x_wconf 89' lang='lat' dir='ltr'><strong>urbe</strong></span> <span class='ocrx_word' id='word_1_271' title='bbox 1180 3271 1269 3308; x_wconf 81' lang='lat' dir='ltr'><strong>veram</strong></span> <span class='ocrx_word' id='word_1_272' title='bbox 1288 3257 1400 3328; x_wconf 76' lang='lat' dir='ltr'><strong>religio-</strong></span> 
     </span>
     <span class='ocr_line' id='line_1_31' title="bbox 315 3319 1400 3393; baseline 0.005 -17"><span class='ocrx_word' id='word_1_273' title='bbox 315 3342 396 3386; x_wconf 89' lang='lat' dir='ltr'><strong>nem,</strong></span> <span class='ocrx_word' id='word_1_274' title='bbox 413 3323 488 3374; x_wconf 83' lang='lat' dir='ltr'><strong>brevi</strong></span> <span class='ocrx_word' id='word_1_275' title='bbox 519 3323 549 3374; x_wconf 90' lang='lat' dir='ltr'><strong>in</strong></span> <span class='ocrx_word' id='word_1_276' title='bbox 569 3340 602 3374; x_wconf 84' lang='lat' dir='ltr'><strong>ea</strong></span> <span class='ocrx_word' id='word_1_277' title='bbox 619 3321 809 3385; x_wconf 85' lang='lat' dir='ltr'><strong>evertendam,</strong></span> <span class='ocrx_word' id='word_1_278' title='bbox 838 3319 1004 3390; x_wconf 73' lang='lat' dir='ltr'><strong>perdidistis.</strong></span> <span class='ocrx_word' id='word_1_279' title='bbox 1021 3323 1085 3374; x_wconf 84' lang='lat' dir='ltr'><strong>vae!</strong></span> <span class='ocrx_word' id='word_1_280' title='bbox 1105 3325 1238 3393; x_wconf 85' lang='lat' dir='ltr'><strong>propitius</strong></span> <span class='ocrx_word' id='word_1_281' title='bbox 1256 3329 1323 3380; x_wconf 85' lang='lat' dir='ltr'><strong>mihi</strong></span> <span class='ocrx_word' id='word_1_282' title='bbox 1343 3331 1400 3392; x_wconf 88' lang='lat' dir='ltr'><strong>sis,</strong></span> 
     </span>
     <span class='ocr_line' id='line_1_32' title="bbox 317 3388 1398 3468; baseline 0.003 -20"><span class='ocrx_word' id='word_1_283' title='bbox 317 3394 434 3448; x_wconf 88' lang='lat' dir='ltr'><strong>domine.</strong></span> <span class='ocrx_word' id='word_1_284' title='bbox 464 3411 553 3444; x_wconf 89' lang='lat' dir='ltr'><strong>coram</strong></span> <span class='ocrx_word' id='word_1_285' title='bbox 578 3399 607 3445; x_wconf 88' lang='lat' dir='ltr'><strong>te</strong></span> <span class='ocrx_word' id='word_1_286' title='bbox 630 3399 717 3444; x_wconf 88' lang='lat' dir='ltr'><strong>testor</strong></span> <span class='ocrx_word' id='word_1_287' title='bbox 734 3391 769 3443; x_wconf 85' lang='lat' dir='ltr'><strong>ab</strong></span> <span class='ocrx_word' id='word_1_288' title='bbox 791 3391 924 3443; x_wconf 82' lang='lat' dir='ltr'><strong>eiusmodi</strong></span> <span class='ocrx_word' id='word_1_289' title='bbox 942 3392 1022 3462; x_wconf 86' lang='lat' dir='ltr'><strong>culpa</strong></span> <span class='ocrx_word' id='word_1_290' title='bbox 1041 3394 1177 3445; x_wconf 84' lang='lat' dir='ltr'><strong>insontem</strong></span> <span class='ocrx_word' id='word_1_291' title='bbox 1194 3413 1237 3447; x_wconf 88' lang='lat' dir='ltr'><strong>me</strong></span> <span class='ocrx_word' id='word_1_292' title='bbox 1254 3388 1282 3450; x_wconf 80' lang='lat' dir='ltr'><strong>et</strong></span> <span class='ocrx_word' id='word_1_293' title='bbox 1299 3417 1398 3468; x_wconf 84' lang='lat' dir='ltr'><strong>purum</strong></span> 
     </span>
     <span class='ocr_line' id='line_1_33' title="bbox 316 3460 1401 3540; baseline 0.004 -22"><span class='ocrx_word' id='word_1_294' title='bbox 316 3481 385 3518; x_wconf 89' lang='lat' dir='ltr'><strong>esse.</strong></span> <span class='ocrx_word' id='word_1_295' title='bbox 411 3464 561 3527; x_wconf 86' lang='lat' dir='ltr'><strong>advertite,</strong></span> <span class='ocrx_word' id='word_1_296' title='bbox 581 3464 674 3515; x_wconf 88' lang='lat' dir='ltr'><strong>miseri</strong></span> <span class='ocrx_word' id='word_1_297' title='bbox 701 3463 788 3534; x_wconf 80' lang='lat' dir='ltr'><strong>cives,</strong></span> <span class='ocrx_word' id='word_1_298' title='bbox 809 3462 876 3530; x_wconf 90' lang='lat' dir='ltr'><strong>quid</strong></span> <span class='ocrx_word' id='word_1_299' title='bbox 905 3460 987 3513; x_wconf 88' lang='lat' dir='ltr'><strong>hodie</strong></span> <span class='ocrx_word' id='word_1_300' title='bbox 1006 3463 1061 3514; x_wconf 90' lang='lat' dir='ltr'><strong>fiat.</strong></span> <span class='ocrx_word' id='word_1_301' title='bbox 1086 3479 1146 3515; x_wconf 86' lang='lat' dir='ltr'><strong>curu</strong></span> <span class='ocrx_word' id='word_1_302' title='bbox 1163 3468 1307 3533; x_wconf 85' lang='lat' dir='ltr'><strong>servitute,</strong></span> <span class='ocrx_word' id='word_1_303' title='bbox 1326 3485 1401 3540; x_wconf 83' lang='lat' dir='ltr'><strong>quae</strong></span> 
     </span>
     <span class='ocr_line' id='line_1_34' title="bbox 316 3532 1400 3607; baseline 0.01 -26"><span class='ocrx_word' id='word_1_304' title='bbox 316 3534 466 3589; x_wconf 68' lang='lat' dir='ltr'><strong>cervicibus</strong></span> <span class='ocrx_word' id='word_1_305' title='bbox 483 3534 578 3585; x_wconf 81' lang='lat' dir='ltr'><strong>vestris</strong></span> <span class='ocrx_word' id='word_1_306' title='bbox 596 3533 749 3603; x_wconf 82' lang='lat' dir='ltr'><strong>impendet.</strong></span> <span class='ocrx_word' id='word_1_307' title='bbox 769 3532 885 3585; x_wconf 82' lang='lat' dir='ltr'><strong>iidemu</strong></span> <span class='ocrx_word' id='word_1_308' title='bbox 904 3532 1051 3584; x_wconf 85' lang='lat' dir='ltr'><strong>rrsaioribns</strong></span> <span class='ocrx_word' id='word_1_309' title='bbox 1070 3544 1206 3604; x_wconf 86' lang='lat' dir='ltr'><strong>acceptum</strong></span> <span class='ocrx_word' id='word_1_310' title='bbox 1226 3537 1400 3607; x_wconf 70' lang='lat' dir='ltr'><strong>abnegastis,</strong></span> 
     </span>
     <span class='ocr_line' id='line_1_35' title="bbox 316 3602 1400 3678; baseline 0.005 -21"><span class='ocrx_word' id='word_1_311' title='bbox 316 3608 484 3676; x_wconf 87' lang='lat' dir='ltr'><strong>impletatem</strong></span> <span class='ocrx_word' id='word_1_312' title='bbox 494 3604 617 3675; x_wconf 76' lang='lat' dir='ltr'><strong>professi.</strong></span> <span class='ocrx_word' id='word_1_313' title='bbox 634 3621 684 3656; x_wconf 79' lang='lat' dir='ltr'><strong>vae</strong></span> <span class='ocrx_word' id='word_1_314' title='bbox 693 3603 780 3668; x_wconf 83' lang='lat' dir='ltr'><strong>vobis,</strong></span> <span class='ocrx_word' id='word_1_315' title='bbox 792 3621 852 3656; x_wconf 87' lang='lat' dir='ltr'><strong>curu</strong></span> <span class='ocrx_word' id='word_1_316' title='bbox 863 3602 1047 3654; x_wconf 81' lang='lat' dir='ltr'><strong>iudicamiul.“</strong></span> <span class='ocrx_word' id='word_1_317' title='bbox 1057 3603 1125 3656; x_wconf 86' lang='lat' dir='ltr'><strong>haec</strong></span> <span class='ocrx_word' id='word_1_318' title='bbox 1136 3613 1165 3657; x_wconf 86' lang='lat' dir='ltr'><strong>et</strong></span> <span class='ocrx_word' id='word_1_319' title='bbox 1177 3607 1231 3658; x_wconf 86' lang='lat' dir='ltr'><strong>alia</strong></span> <span class='ocrx_word' id='word_1_320' title='bbox 1247 3610 1326 3678; x_wconf 84' lang='lat' dir='ltr'><strong>plura</strong></span> <span class='ocrx_word' id='word_1_321' title='bbox 1337 3625 1400 3661; x_wconf 88' lang='lat' dir='ltr'><strong>cusu</strong></span> 
     </span>
     <span class='ocr_line' id='line_1_36' title="bbox 317 3672 1401 3746; baseline 0.006 -20"><span class='ocrx_word' id='word_1_322' title='bbox 317 3678 484 3746; x_wconf 82' lang='lat' dir='ltr'><strong>scripsisset,</strong></span> <span class='ocrx_word' id='word_1_323' title='bbox 495 3676 531 3726; x_wconf 87' lang='lat' dir='ltr'><strong>iu</strong></span> <span class='ocrx_word' id='word_1_324' title='bbox 549 3675 635 3726; x_wconf 85' lang='lat' dir='ltr'><strong>cellae</strong></span> <span class='ocrx_word' id='word_1_325' title='bbox 652 3691 716 3726; x_wconf 84' lang='lat' dir='ltr'><strong>suae</strong></span> <span class='ocrx_word' id='word_1_326' title='bbox 734 3675 816 3726; x_wconf 85' lang='lat' dir='ltr'><strong>ianun</strong></span> <span class='ocrx_word' id='word_1_327' title='bbox 834 3672 948 3742; x_wconf 79' lang='lat' dir='ltr'><strong>legenda</strong></span> <span class='ocrx_word' id='word_1_328' title='bbox 966 3677 1126 3743; x_wconf 78' lang='lat' dir='ltr'><strong>proposuit,</strong></span> <span class='ocrx_word' id='word_1_329' title='bbox 1145 3693 1230 3746; x_wconf 86' lang='lat' dir='ltr'><strong>seque</strong></span> <span class='ocrx_word' id='word_1_330' title='bbox 1249 3679 1320 3732; x_wconf 84' lang='lat' dir='ltr'><strong>intra</strong></span> <span class='ocrx_word' id='word_1_331' title='bbox 1338 3697 1401 3732; x_wconf 88' lang='lat' dir='ltr'><strong>esrn</strong></span> 
     </span>
     <span class='ocr_line' id='line_1_37' title="bbox 317 3744 1402 3821; baseline 0.01 -29"><span class='ocrx_word' id='word_1_332' title='bbox 317 3749 458 3801; x_wconf 74' lang='lat' dir='ltr'><strong>conclusit.</strong></span> <span class='ocrx_word' id='word_1_333' title='bbox 486 3745 615 3797; x_wconf 90' lang='lat' dir='ltr'><strong>continno</strong></span> <span class='ocrx_word' id='word_1_334' title='bbox 641 3761 712 3813; x_wconf 88' lang='lat' dir='ltr'><strong>quas</strong></span> <span class='ocrx_word' id='word_1_335' title='bbox 729 3746 803 3796; x_wconf 82' lang='lat' dir='ltr'><strong>vitae</strong></span> <span class='ocrx_word' id='word_1_336' title='bbox 822 3761 906 3812; x_wconf 87' lang='lat' dir='ltr'><strong>purae</strong></span> <span class='ocrx_word' id='word_1_337' title='bbox 925 3744 1105 3797; x_wconf 82' lang='lat' dir='ltr'><strong>censebantur</strong></span> <span class='ocrx_word' id='word_1_338' title='bbox 1121 3749 1269 3812; x_wconf 79' lang='lat' dir='ltr'><strong>moniales,</strong></span> <span class='ocrx_word' id='word_1_339' title='bbox 1290 3751 1402 3821; x_wconf 87' lang='lat' dir='ltr'><strong>deoque</strong></span> 
     </span>
     <span class='ocr_line' id='line_1_38' title="bbox 318 3814 1403 3890; baseline 0.004 -21"><span class='ocrx_word' id='word_1_340' title='bbox 318 3822 417 3869; x_wconf 82' lang='lat' dir='ltr'><strong>servire</strong></span> <span class='ocrx_word' id='word_1_341' title='bbox 436 3825 509 3869; x_wconf 76' lang='lat' dir='ltr'><strong>rectu</strong></span> <span class='ocrx_word' id='word_1_342' title='bbox 539 3833 570 3867; x_wconf 82' lang='lat' dir='ltr'><strong>ac</strong></span> <span class='ocrx_word' id='word_1_343' title='bbox 587 3814 738 3867; x_wconf 78' lang='lat' dir='ltr'><strong>orthodoxa</strong></span> <span class='ocrx_word' id='word_1_344' title='bbox 764 3815 888 3883; x_wconf 77' lang='lat' dir='ltr'><strong>dogmata</strong></span> <span class='ocrx_word' id='word_1_345' title='bbox 908 3815 1081 3884; x_wconf 83' lang='lat' dir='ltr'><strong>profitendo,</strong></span> <span class='ocrx_word' id='word_1_346' title='bbox 1098 3833 1146 3867; x_wconf 88' lang='lat' dir='ltr'><strong>sua</strong></span> <span class='ocrx_word' id='word_1_347' title='bbox 1165 3816 1338 3890; x_wconf 84' lang='lat' dir='ltr'><strong>doctorisque</strong></span> <span class='ocrx_word' id='word_1_348' title='bbox 1355 3824 1403 3874; x_wconf 89' lang='lat' dir='ltr'><strong>sui</strong></span> 
     </span>
     <span class='ocr_line' id='line_1_39' title="bbox 318 3883 1404 3962; baseline 0.006 -25"><span class='ocrx_word' id='word_1_349' title='bbox 318 3885 455 3940; x_wconf 88' lang='lat' dir='ltr'><strong>Gennadii</strong></span> <span class='ocrx_word' id='word_1_350' title='bbox 476 3887 627 3949; x_wconf 81' lang='lat' dir='ltr'><strong>sententia,</strong></span> <span class='ocrx_word' id='word_1_351' title='bbox 656 3894 771 3938; x_wconf 67' lang='lat' dir='ltr'><strong>cnucue</strong></span> <span class='ocrx_word' id='word_1_352' title='bbox 793 3902 853 3936; x_wconf 89' lang='lat' dir='ltr'><strong>cum</strong></span> <span class='ocrx_word' id='word_1_353' title='bbox 878 3883 1037 3949; x_wconf 85' lang='lat' dir='ltr'><strong>abbatibus,</strong></span> <span class='ocrx_word' id='word_1_354' title='bbox 1057 3887 1228 3941; x_wconf 80' lang='lat' dir='ltr'><strong>confessariis</strong></span> <span class='ocrx_word' id='word_1_355' title='bbox 1246 3894 1404 3962; x_wconf 83' lang='lat' dir='ltr'><strong>ceterisque</strong></span> 
     </span>
     <span class='ocr_line' id='line_1_40' title="bbox 318 3955 1404 4029; baseline 0.008 -23"><span class='ocrx_word' id='word_1_356' title='bbox 318 3958 504 4010; x_wconf 88' lang='lat' dir='ltr'><strong>sacerdotibus</strong></span> <span class='ocrx_word' id='word_1_357' title='bbox 523 3975 555 4010; x_wconf 87' lang='lat' dir='ltr'><strong>ao</strong></span> <span class='ocrx_word' id='word_1_358' title='bbox 570 3957 648 4008; x_wconf 85' lang='lat' dir='ltr'><strong>laicis</strong></span> <span class='ocrx_word' id='word_1_359' title='bbox 666 3955 767 4023; x_wconf 76' lang='lat' dir='ltr'><strong>synodi</strong></span> <span class='ocrx_word' id='word_1_360' title='bbox 789 3956 941 4019; x_wconf 87' lang='lat' dir='ltr'><strong>decretum,</strong></span> <span class='ocrx_word' id='word_1_361' title='bbox 963 3961 991 4006; x_wconf 87' lang='lat' dir='ltr'><strong>et</strong></span> <span class='ocrx_word' id='word_1_362' title='bbox 1011 3971 1057 4008; x_wconf 89' lang='lat' dir='ltr'><strong>cos</strong></span> <span class='ocrx_word' id='word_1_363' title='bbox 1075 3959 1123 4026; x_wconf 91' lang='lat' dir='ltr'><strong>qui</strong></span> <span class='ocrx_word' id='word_1_364' title='bbox 1141 3957 1211 4011; x_wconf 89' lang='lat' dir='ltr'><strong>illud</strong></span> <span class='ocrx_word' id='word_1_365' title='bbox 1229 3960 1404 4029; x_wconf 83' lang='lat' dir='ltr'><strong>probassent,</strong></span> 
     </span>
     <span class='ocr_line' id='line_1_41' title="bbox 317 4025 1404 4144; baseline 0.009 -69"><span class='ocrx_word' id='word_1_366' title='bbox 317 4027 400 4144; x_wconf 74' lang='grc' dir='ltr'><strong><em>φαῖνε</em></strong></span> <span class='ocrx_word' id='word_1_367' title='bbox 416 4028 446 4079; x_wconf 89' lang='lat' dir='ltr'><strong>in</strong></span> <span class='ocrx_word' id='word_1_368' title='bbox 464 4037 602 4097; x_wconf 87' lang='lat' dir='ltr'><strong>posterum</strong></span> <span class='ocrx_word' id='word_1_369' title='bbox 618 4025 780 4098; x_wconf 81' lang='lat' dir='ltr'><strong>probarent,</strong></span> <span class='ocrx_word' id='word_1_370' title='bbox 808 4025 979 4078; x_wconf 85' lang='lat' dir='ltr'><strong>anathemate</strong></span> <span class='ocrx_word' id='word_1_371' title='bbox 1000 4025 1169 4079; x_wconf 77' lang='lat' dir='ltr'><strong>damnarunt.</strong></span> <span class='ocrx_word' id='word_1_372' title='bbox 1186 4030 1278 4082; x_wconf 83' lang='lat' dir='ltr'><strong>infima</strong></span> <span class='ocrx_word' id='word_1_373' title='bbox 1298 4031 1404 4084; x_wconf 86' lang='lat' dir='ltr'><strong>deinde</strong></span> 
     </span>
     <span class='ocr_line' id='line_1_42' title="bbox 331 4095 1405 4169; baseline 0.008 -25"><span class='ocrx_word' id='word_1_374' title='bbox 331 4098 488 4166; x_wconf 85' lang='lat' dir='ltr'><strong>orensisque</strong></span> <span class='ocrx_word' id='word_1_375' title='bbox 513 4099 626 4150; x_wconf 82' lang='lat' dir='ltr'><strong>turbae</strong></span> <span class='ocrx_word' id='word_1_376' title='bbox 653 4096 954 4149; x_wconf 77' lang='lat' dir='ltr'><strong>monasterii-claustris</strong></span> <span class='ocrx_word' id='word_1_377' title='bbox 972 4095 1076 4166; x_wconf 83' lang='lat' dir='ltr'><strong>dilapsa</strong></span> <span class='ocrx_word' id='word_1_378' title='bbox 1096 4099 1124 4149; x_wconf 89' lang='lat' dir='ltr'><strong>ln</strong></span> <span class='ocrx_word' id='word_1_379' title='bbox 1144 4117 1294 4169; x_wconf 80' lang='lat' dir='ltr'><strong>cauponas,</strong></span> <span class='ocrx_word' id='word_1_380' title='bbox 1312 4105 1405 4153; x_wconf 79' lang='lat' dir='ltr'><strong>nrani-</strong></span> 
     </span>
     <span class='ocr_line' id='line_1_43' title="bbox 317 4164 1406 4238; baseline 0.006 -21"><span class='ocrx_word' id='word_1_381' title='bbox 317 4164 369 4217; x_wconf 89' lang='lat' dir='ltr'><strong>bus</strong></span> <span class='ocrx_word' id='word_1_382' title='bbox 389 4168 486 4234; x_wconf 84' lang='lat' dir='ltr'><strong>pocula</strong></span> <span class='ocrx_word' id='word_1_383' title='bbox 502 4185 576 4220; x_wconf 87' lang='lat' dir='ltr'><strong>rnero</strong></span> <span class='ocrx_word' id='word_1_384' title='bbox 593 4169 675 4238; x_wconf 79' lang='lat' dir='ltr'><strong>plenu</strong></span> <span class='ocrx_word' id='word_1_385' title='bbox 692 4177 831 4230; x_wconf 86' lang='lat' dir='ltr'><strong>tenentes,</strong></span> <span class='ocrx_word' id='word_1_386' title='bbox 850 4167 991 4219; x_wconf 83' lang='lat' dir='ltr'><strong>bonotlcos</strong></span> <span class='ocrx_word' id='word_1_387' title='bbox 1010 4187 1030 4218; x_wconf 88' lang='lat' dir='ltr'><strong>s.</strong></span> <span class='ocrx_word' id='word_1_388' title='bbox 1049 4169 1161 4220; x_wconf 85' lang='lat' dir='ltr'><strong>unitatis</strong></span> <span class='ocrx_word' id='word_1_389' title='bbox 1179 4172 1314 4224; x_wconf 86' lang='lat' dir='ltr'><strong>studiosos</strong></span> <span class='ocrx_word' id='word_1_390' title='bbox 1334 4173 1406 4225; x_wconf 87' lang='lat' dir='ltr'><strong>diris</strong></span> 
     </span>
     <span class='ocr_line' id='line_1_44' title="bbox 319 4233 1405 4312; baseline 0.01 -26"><span class='ocrx_word' id='word_1_391' title='bbox 319 4233 503 4303; x_wconf 72' lang='lat' dir='ltr'><strong>devovebant,</strong></span> <span class='ocrx_word' id='word_1_392' title='bbox 523 4247 552 4289; x_wconf 88' lang='lat' dir='ltr'><strong>et</strong></span> <span class='ocrx_word' id='word_1_393' title='bbox 569 4236 743 4291; x_wconf 86' lang='lat' dir='ltr'><strong>inhonorem</strong></span> <span class='ocrx_word' id='word_1_394' title='bbox 763 4239 887 4306; x_wconf 77' lang='lat' dir='ltr'><strong>imaginis</strong></span> <span class='ocrx_word' id='word_1_395' title='bbox 906 4236 1033 4308; x_wconf 77' lang='lat' dir='ltr'><strong>deiparae</strong></span> <span class='ocrx_word' id='word_1_396' title='bbox 1052 4237 1188 4292; x_wconf 80' lang='lat' dir='ltr'><strong>exhaustis</strong></span> <span class='ocrx_word' id='word_1_397' title='bbox 1206 4243 1323 4312; x_wconf 86' lang='lat' dir='ltr'><strong>poculis,</strong></span> <span class='ocrx_word' id='word_1_398' title='bbox 1340 4260 1405 4297; x_wconf 80' lang='grc' dir='ltr'><strong><em>σιιιι</em></strong></span> 
     </span>
    </p>
   </div>
   <div class='ocr_carea' id='block_1_4' title="bbox 0 0 1555 4825">
    <p class='ocr_par' dir='ltr' id='par_1_4' title="bbox 0 0 1555 4825">
     <span class='ocr_line' id='line_1_45' title="bbox 0 0 1555 4825; baseline 0 0"><span class='ocrx_word' id='word_1_399' title='bbox 0 0 1555 4825; x_wconf 95' lang='lat' dir='ltr'><strong> </strong></span> 
     </span>
    </p>
   </div>
  </div>
 </body>
</html>
