3075 4825
390 352 447 417 sn
475 348 564 419 τιν’.
593 353 741 417 xxxvsi.
770 350 917 417 nosse.
1092 326 1177 415 613

86 488 224 553 ’nnntnn
246 487 301 551 sul
328 487 421 551 calcis
440 489 531 565 abo,
563 509 634 551 cunr
651 510 734 551 anno
755 487 833 570 1647
852 508 904 549 eos
923 487 1175 568 considerabam,

102 586 137 635 ut
155 584 186 635 et
205 584 288 635 totus
318 574 473 634 moenium
496 572 650 653 ambitus,
671 571 790 635 inducti
814 580 926 649 erant,
949 569 991 631 ite
1013 582 1048 633 nt
1073 576 1178 639 oculos

102 660 214 739 lugeret
234 656 407 735 sculpturae
427 656 586 738 elegantia.

181 739 218 799 P.
238 738 312 811 263,
335 736 366 799 6.
407 735 466 809 ἕως
483 739 540 798 τοῦ
554 736 758 821 Κοσμηδίυυ]
801 738 849 797 De
870 732 1022 797 Cosmirlio
1042 737 1177 803 Zonarsn

102 822 210 884 Annul.
232 822 334 883 Tomo
356 819 376 879 5
397 819 428 880 iu
442 822 580 881 Romano
600 824 780 901 becapen03
809 840 845 881 ex
864 840 927 901 quo
946 816 986 878 ad
1011 818 1097 881 littus
1119 824 1178 883 Ge·

102 904 191 965 ratini
211 904 297 965 sinus
315 912 397 964 extra
411 902 519 963 orbem
538 904 629 965 situm
649 904 740 965 luisse
754 913 845 985 petet.
866 901 922 961 καί
940 895 1021 961 κατὰ
1044 897 1099 963 τὸν
1118 906 1178 965 τοῦ

100 984 276 1065 sopiens
296 978 437 1063 αἰγιαλὸν
454 997 512 1051 etc.
533 987 655 1048 Nicetes
675 988 766 1047 etiam
788 988 817 1045 in
831 984 1014 1045 Annalibus:
1036 978 1104 1063 ἡδὲ
1125 986 1178 1047 ln-

101 1089 156 1139 ιιος
183 1062 265 1145 μετὰ
293 1068 349 1148 τῆς
378 1068 629 1149 προβεβλημέιης
660 1068 755 1147 πεζῆς
775 1065 926 1143 στραιίιις
944 1065 989 1147 spi
1011 1066 1177 1155 Kcuurrlr'rp

99 1148 294 1232 ἐφίστανται,
311 1146 428 1229 μικρὰν
440 1146 650 1232 ἑφευρηκόιες
668 1149 703 1212 ἐκ
720 1150 783 1211 τῶν
799 1148 965 1224 Ῥωμαίων
986 1144 1179 1229 ἀντίστασιν,

98 1231 172 1312 περὶ
197 1226 251 1311 τὴν
284 1230 351 1293 ἐκεῖ
364 1251 423 1292 sou
452 1234 596 1314 γέφυραν
616 1231 672 1294 uui
689 1227 745 1293 τὸν
764 1228 927 1311 λεγθμενον
954 1226 1109 1311 recusetis
1130 1231 1177 1295 λι*-

99 1316 167 1375 ltus.
217 1308 273 1375 καὶ
300 1308 340 1375 τὰ
370 1314 430 1389 μὲν
457 1318 551 1375 πλοῖα
584 1312 639 1376 soi
658 1309 691 1376 ni
712 1317 783 1393 νῆις
803 1312 858 1373 uui
877 1308 906 1373 oi
931 1308 1089 1390 ὅρόμωνες
1113 1314 1181 1380 ἐκεῖ

101 1418 161 1457 που
181 1396 396 1477 sponsumve.
418 1400 525 1480 copiae
544 1412 691 1481 equestres
715 1398 909 1477 (Latinorum)
932 1418 996 1457 cum
1011 1396 1175 1478 peditans,

98 1480 152 1562 qui
177 1479 386 1555 antecedebat,
423 1478 606 1541 Cornidium
632 1492 797 1565 occupant,
834 1500 903 1541 cum
932 1478 1080 1559 languide
1101 1483 1176 1562 apsis

98 1562 268 1623 astitissent
290 1562 438 1638 Romaei,
463 1565 518 1646 qui
536 1565 583 1624 ad
606 1579 728 1648 pontem
748 1564 812 1622 illic
832 1572 1029 1623 constructum
1048 1576 1077 1621 ct
1097 1565 1178 1647 lupi·

100 1644 169 1705 dem
191 1642 383 1726 Perforutum
403 1646 584 1729 appellatum
605 1649 769 1709 stationem
789 1646 944 1709 trabebant.
965 1643 1057 1705 fuisse
1077 1660 1177 1709 autern

99 1725 200 1787 locum
221 1728 307 1788 illurn
340 1738 424 1789 extra
444 1729 530 1789 urbis
549 1752 651 1790 muros
671 1750 706 1789 ex
726 1728 833 1789 eodem
854 1725 921 1786 loco
942 1737 1080 1789 constat:
1103 1750 1179 1809 σκη-

98 1806 154 1882 νάς
174 1829 208 1869 τε
228 1800 331 1888 ὀρθὰς
349 1800 457 1891 ἑώρων
478 1806 507 1869 ci
528 1811 562 1871 cle
581 1818 646 1883 τοῖς
666 1810 793 1888 τείχεσι.
813 1822 912 1871 erecto
931 1812 1058 1871 ιειιιονίιι
1078 1810 1176 1886 (Lati-

98 1894 213 1966 norum)
239 1892 399 1969 videbam,
447 1895 478 1952 ui
513 1895 600 1954 intro
627 1914 723 1953 mruus
753 1906 848 1956 erant.
876 1900 908 1950 et
936 1912 1000 1971 cap.
1022 1913 1084 1973 seq.
1105 1896 1176 1957 sutis

97 1974 230 2035 ostendit
252 1975 354 2033 Duces
374 1974 411 2034 ad
427 1917 517 2035 littus
537 1976 668 2037 Ceratini
688 1979 772 2035 sinus
793 1984 876 2035 extra
899 1972 1004 2033 urbem
1026 1976 1175 2037 Cosmidi-

99 2078 150 2115 urn
170 2057 261 2117 situm
283 2055 384 2117 luisse.
407 2056 490 2118 loeus
511 2078 582 2138 ergo
602 2058 652 2118 ille
671 2057 709 2117 ud
729 2067 899 2117 extremum
919 2055 1005 2117 littus
1023 2056 1107 2117 sinus
1119 2060 1175 2118 Ce-

100 2140 190 2199 ratini
210 2139 287 2209 situs
308 2150 375 2200 erat
394 2138 476 2200 iuxta
495 2152 619 2221 pontem
639 2141 670 2201 S.
685 2141 865 2216 Mimantis,
887 2148 918 2199 et
940 2138 1016 2201 alius
1038 2160 1102 2201 essc
1121 2162 1175 2200 ne.

98 2224 166 2303 quit
186 2230 309 2303 practer
331 2242 401 2282 eum
420 2226 474 2305 qui
493 2222 587 2285 bodie
607 2222 783 2284 ili-bannui
802 2220 986 2302 appelletur,
1008 2222 1058 2281 cui
1080 2224 1178 2285 vicina

99 2315 146 2365 est
169 2303 318 2364 Mesobita
341 2304 413 2367 tUP
435 2306 607 2387 appellata,
627 2306 659 2366 in
680 2328 741 2386 qua
762 2303 879 2383 collegii
899 2305 1062 2367 doctorum
1081 2315 1111 2365 et
1132 2304 1178 2365 le-

98 2387 313 2470 gisperitorum
343 2388 497 2470 pontifex,
531 2388 655 2471 anbti
688 2389 871 2470 appellatus,
904 2388 1077 2470 imperatori
1098 2390 1184 2449 novo*

98 2472 264 2551 imperium
298 2469 431 2551 adepto,
472 2471 614 2555 precibus
652 2471 836 2555 quibusdam
863 2469 992 2550 additis,
1025 2471 1179 2533 acinacem

96 2557 147 2616 cin
169 2557 203 2614 it.

149 2577 219 2698 gP.
243 2626 361 2713 26418.
383 2633 486 2712 Θωμᾶ
505 2637 563 2698 τοῦ
588 2637 624 2699 δὲ
636 2633 779 2721 Ἀκιιου]
820 2639 854 2698 Β.
867 2637 1000 2702 Thomas
1020 2635 1058 2696 de
1080 2635 1179 2720 Aqui-

95 2739 141 2780 no
167 2719 347 2800 opusculum
376 2720 496 2799 scripsit
522 2720 665 2782 adversus
692 2724 844 2796 Graecos,
876 2720 956 2802 quod
984 2718 1111 2780 Urbano
1134 2719 1179 2781 tv

96 2801 238 2883 pontifici
265 2805 396 2863 maximo
428 2802 588 2863 dedicavit.
621 2814 703 2864 extat
730 2805 846 2865 editum
877 2803 907 2862 in
938 2823 1068 2884 operum
1098 2801 1276 2872 illiusmst

97 2894 189 2946 tomo
214 2905 269 2968 ¹73
302 2884 469 2965 eodemque
489 2887 660 2948 continetur
680 2884 764 2946 aliud
786 2887 965 2968 opusculum
990 2884 1097 2947 ordine
1113 2897 1178 2950 ter·

95 2969 201 3041 tium,
220 2968 364 3028 adversus
383 2969 517 3028 Gruecos
538 2971 687 3029 Armenoc
705 2979 736 3030 et
752 2969 922 3032 Saracenos
940 2966 1113 3048 scriptum„

182 3051 218 3110 P.
241 3047 314 3128 264,
336 3070 366 3130 9.
418 3046 603 3130 Δημητρώυ
621 3049 678 3112 τοῦ
698 3049 853 3146 Kurlcc'rq]
893 3049 1045 3110 lohannes
1065 3051 1179 3110 Cantu-

95 3154 163 3196 ειη.
184 3131 237 3194 lib.
258 3133 279 3210 4
298 3151 363 3215 cap
386 3129 424 3194 16
442 3132 556 3192 Hister.
577 3132 668 3194 buius
688 3133 746 3192 viri
765 3131 985 3208 eruditissimi,
1005 3131 1090 3192 cuius
1109 3130 1179 3214 pln·'

95 3237 135 3276 ra
168 3213 323 3276 doctrinae
355 3235 390 3274 ae
418 3213 594 3274 eruditionis
622 3227 819 3276 monumenta
852 3225 975 3294 extent,
996 3215 1179 3276 mentionem

94 3298 184 3361 lecit.
213 3297 273 3359 suit
304 3298 516 3358 Cantacuseno
542 3295 698 3358 familiaris
720 3297 774 3358 bic
799 3299 995 3376 Demetrius,
1025 3299 1181 3380 vitamque

96 3381 302 3442 monasticem
320 3401 392 3442 curn
413 3379 539 3441 Nicolao
570 3377 709 3440 Cabasila
731 3379 872 3462 amplecti
893 3381 1058 3477 aliquando
1081 3381 1178 3440 merli.

95 3473 184 3524 tatus
203 3474 256 3525 est.
284 3464 315 3524 in
345 3462 537 3524 Serenissimi
568 3463 728 3524 ltetsnriac
756 3464 858 3546 magni
879 3463 980 3526 Ducis
996 3462 1179 3525 bibliotheca

94 3546 306 3610 laurentiana
337 3543 507 3607 Ptolemaei
536 3545 766 3606 Mathematicus
792 3545 955 3628 syntaxeos
982 3545 1124 3606 volumen
1146 3547 1179 3604 in

95 3627 285 3690 membranis
311 3628 529 3710 elegantissime
558 3628 706 3710 scriptum
726 3627 923 3706 adservatur,
943 3629 1027 3712 quod
1048 3626 1098 3688 bic
1116 3627 1180 3709 cy.

94 3710 197 3773 dones
228 3714 261 3771 in
291 3709 476 3772 bibliotheca
506 3731 562 3770 sun
583 3711 658 3772 olins
687 3711 803 3772 babuit.
831 3713 861 3772 in
889 3712 944 3772 illo
975 3721 1036 3771 tres
1056 3709 1181 3772 lunares

94 3793 227 3875 eclipses
254 3792 487 3855 Thessalonicee
507 3793 683 3855 observatas
712 3815 879 3876 earumque
900 3802 1053 3854 momentu
1083 3793 1180 3852 adno-

95 3887 228 3953 tentur,
254 3896 290 3936 ex
319 3877 433 3958 quibus
456 3875 582 3959 epicyeli
610 3876 730 3938 lunaris
756 3878 910 3960 quantitas
939 3875 1178 3936 demonstretur.

95 3959 156 4021 bns
175 3957 408 4021 observationes
425 3959 581 4040 aCydone
599 3959 778 4024 etGabusiln
791 3960 914 4022 babitus
934 3967 966 4020 et
987 3958 1180 4039 consignatas

96 4041 193 4104 luisse
203 4042 363 4119 arbitron
384 4063 514 4123 quarum
524 4043 616 4124 prior
634 4042 715 4104 facta
730 4044 897 4106 adnotatur
917 4061 1000 4106 auno
1013 4039 1180 4102 Alexandri

103 4124 199 4201 1665,
220 4125 322 4207 Athyr
345 4125 379 4185 ιδ
402 4123 434 4190 in
457 4123 510 4201 14,
533 4125 702 4186 lucescente
722 4126 800 4190 bora
824 4147 851 4186 a.
872 4145 913 4186 m.
935 4123 974 4202 ati
995 4137 1062 4204 pust
1083 4121 1182 4186 mcli-

99 4227 155 4270 ιω
174 4218 320 4288 noctem,
339 4206 402 4270 sole
420 4206 568 4290 sagittarii
590 4209 719 4288 gradum
743 4209 788 4270 rb
810 4230 850 4270 m.
875 4231 892 4290 7
912 4205 1118 4291 percurrente.
