3075 4825
275 343 491 412 aaronita
520 350 776 417 aminnium
805 354 892 430 car.
918 358 1069 424 xxrvu.
1128 332 1212 449 259

139 494 302 577 licentiis
318 520 376 580 πεγ
397 498 583 582 πρόσταγμα
602 502 660 564 τοῦ
679 504 848 587 φυλάττειν
871 498 986 593 oderis,
1006 508 1129 597 ἔφθασε
1148 512 1209 578 οὐν

133 602 197 670 ταῖς
225 593 378 677 δυνάμεσι
409 599 463 661 κατ’
488 601 692 683 κατατρέχειν
711 604 753 666 τά
769 609 860 689 πέριξ
879 606 919 670 τά
940 610 993 693 τῆς
1012 609 1133 687 πόλεως
1152 610 1211 679 καὶ

131 692 177 777 μη
193 696 251 760 ε’άν
286 696 360 776 scic
381 699 557 783 ‘Poues'ouc
576 705 640 767 ταῖν
668 706 776 769 πυλῶν
798 707 853 790 τῆς
873 704 988 783 πόλεως
1009 711 1207 793 έξέρχεσθαι.

129 784 207 875 ἦσαν
226 796 264 861 δὲ
292 795 347 863 καί
369 800 433 863 τάν
458 803 602 882 χειμῶνα
631 795 703 867 ὅλον
726 805 795 869 ἐκεῖ
810 810 1107 890 παραχειμασθὲντα
1128 813 1235 896 oxii-D

105 900 206 976 λπτρα
225 894 272 969 εἰς
292 897 438 983 φυλακην
455 903 511 980 τῆς
527 897 665 984 πόλεως,
683 906 742 967 τοῦ
760 900 806 985 μὴ
827 906 1014 987 έξέρχεσθσι
1033 910 1089 973 κατ’
1107 934 1202 975 κατα-

128 989 246 1075 δρομάς
277 1004 378 1059 ποιεῖν
405 1005 471 1074 τοῖς
503 999 655 1085 Τοάρκοις
683 996 714 1064 οἱ
737 997 912 1085 Ῥωμαῖοι,
939 1006 974 1069 έκ
995 1010 1129 1083 Μυστάς
1148 1010 1204 1075 κατ’

126 1094 356 1175 Παφλαγονίας
387 1097 470 1179 τρία.
520 1100 638 1179 ἐγένετο
661 1089 716 1163 eir
737 1094 758 1181 ἢ
779 1100 960 1187 παρεμβολή
983 1102 1124 1190 μεγάλη,
1148 1110 1203 1173 κοτέ

124 1187 151 1253 οἱ
165 1190 317 1274 Ῥωμαῖοι
338 1197 396 1257 ode
414 1193 526 1278 ἴσχυον
545 1198 692 1275 testate.
713 1198 781 1263 ἀλλ’
803 1196 886 1281 ὅμως
908 1203 943 1267 ia
961 1200 1126 1289 θαλάσσης
1146 1210 1202 1271 καὶ

123 1289 212 1354 adesi
230 1289 293 1357 σάν
326 1294 450 1379 διήρεσι
469 1296 525 1359 καί
550 1294 712 1381 τριήρεσιν
732 1290 827 1383 άχρις
848 1300 990 1378 Κυζίκου
1011 1302 1200 1388 ἐλεηλάτουν

85 1384 158 1451 torsi
178 1394 248 1453 κατ’
278 1390 425 1474 αι’γιαλέν
444 1397 571 1474 setheio
592 1394 696 1477 χωρία
716 1396 778 1460 τάν
804 1395 969 1482 Τοάρκιαν,
989 1398 1045 1465 καὶ
1063 1398 1199 1478 πολλοὺς

119 1484 319 1570 έκοάρσευον,
340 1488 396 1553 καὶ
415 1489 471 1566 οάς
490 1494 551 1573 μὲν
568 1489 736 1577 ἔσφαττον,
758 1488 814 1571 σάς
835 1496 871 1559 δέ
893 1499 927 1561 έν
939 1500 1230 1567 noveramus-c.
1245 1520 1293 1589 146

118 1582 200 1648 πάλ-ει
222 1588 389 1671 α’γαγάντές
417 1592 619 1675 ἐπίπρασκον.
659 1590 714 1655 κατ’
733 1590 794 1657 σάν
813 1593 921 1669 αι’τοῖς
938 1602 1001 1671 τοῖς
1021 1597 1196 1684 προσκρού-

116 1706 215 1761 σμοισι
235 1686 290 1749 καὶ
312 1683 370 1771 ἔαρ
392 1688 518 1772 ἐπέστη,
538 1687 595 1751 καί
614 1688 649 1751 ui
670 1693 733 1754 τοῖν
754 1694 904 1775 νηστειῶν
924 1687 1040 1777 ἡμέραν
1059 1686 1193 1780 ἤρξαντο

114 1776 332 1865 ‹ips-ipsicius.
379 1786 474 1871 καὶῆ
506 1791 561 1871 της
580 1786 745 1872 ἐκκλησίας
766 1786 876 1866 στάσις
898 1786 954 1856 osis
977 1790 1100 1878 ἔληξεν,
1123 1798 1194 1861 άλλ·

79 1872 149 1962 15η“ν
175 1882 258 1946 ἰδεῖν
285 1886 375 1967 ξένην
403 1886 513 1950 στάσιν
538 1888 573 1949 έν
591 1896 657 1961 τοῖς
682 1890 940 1968 ἐμπιστευθεῖσιν
963 1889 1091 1958 α’κοάειν
1111 1900 1194 1977 λογι-

109 1976 214 2058 σμοάς
236 1980 424 2063 ἀνθρώπων.
465 1986 520 2047 κατ’
546 1982 712 2068 ἐρχόμενοι
739 1982 769 2049 οἱ
793 1989 983 2071 Χριστιανοὶ
1009 1992 1064 2051 τοῦ
1085 1992 1219 2073 ignita*

108 2074 309 2161 λογήσασθαι
327 2077 366 2143 τά
388 2080 560 2165 σφάλματα
593 2085 715 2162 aaron,
736 2082 901 2167 ἤρατῶντο
921 2086 996 2170 παρι
1014 2087 1139 2151 ἐκτάνυσαν
1163 2088 1194 2155 οἱ

109 2178 166 2254 μὲν
185 2178 219 2241 εἰ
247 2176 430 2263 έκοινάνησε
458 2187 524 2255 τοῖς
544 2178 763 2264 άκοινωνητοις
795 2181 851 2245 καί
879 2184 909 2246 εἰ
928 2180 1040 2264 ἔτυχεν
1059 2185 1196 2252 α’κοῦσαι

111 2278 306 2362 λειτουργίαν
336 2276 424 2363 παρά
457 2283 516 2343 τοῦ
544 2274 695 2344 ἑνωτικοῦ
721 2277 842 2364 ἱερέως.
894 2284 996 2345 ταῦτα
1016 2288 1071 2347 καί
1090 2285 1195 2351 κοινάν
1267 2288 1273 2299 “

75 2370 225 2456 ιοδριμάς
244 2374 301 2440 καί
318 2379 475 2458 έπιτέμιον
494 2374 596 2463 βαρύ·
647 2375 729 2460 μετά
752 2380 789 2444 di
810 2377 844 2444 τὸ
868 2380 1036 2445 δουλεῦσαι
1062 2378 1115 2449 τάν
1135 2410 1193 2450 τια-

112 2472 183 2539 νόνα
211 2474 292 2541 κατά
313 2476 350 2541 τά
379 2475 473 2559 ἔθος,
504 2473 521 2541 ὅ
550 2469 637 2555 άξιος
655 2480 714 2542 τοῦ
743 2480 886 2558 στόματος
906 2477 963 2542 κατ’
980 2479 1115 2560 αἳματος
1132 2487 1217 2554 cosin

112 2573 294 2641 δεσποτικοῦ
311 2577 358 2655 εἷς
377 2573 414 2640 τὸ
436 2581 621 2660 κοινωνῆσαι
640 2574 686 2661 μὴ
706 2580 894 2662 προσελθεῖν
913 2585 976 2652 τοῖς
995 2581 1052 2661 της
1073 2576 1189 2648 iacies.

111 2814 186 2866 etium
202 2816 336 2885 impetum
359 2817 467 2869 fortiter
491 2817 606 2886 excepit.
637 2817 673 2868 ad
699 2816 790 2868 locum
815 2817 909 2886 itaque
936 2816 1100 2869 destinatum
1119 2817 1187 2870 haec

110 2886 228 2938 machina
255 2887 387 2956 perducta
406 2896 465 2951 est,
489 2889 566 2939 cuiue
583 2887 723 2939 custodiae
741 2887 967 2954 Caracia-begus
986 2886 1111 2938 adsidere
1130 2889 1186 2938 ius-

111 2969 164 3019 sus,
181 2973 300 3026 cumque
328 2958 454 3010 omnibus
483 2959 569 3027 copiis
597 2958 627 3009 in
644 2967 735 3026 partes
753 2956 815 3009 urbi
833 2957 954 3020 vicinas,
973 2957 1096 3008 Romaeis
1114 2957 1187 3008 iutra

110 3035 194 3089 portas
210 3027 289 3079 urbis
307 3029 439 3091 coercitis,
459 3043 607 3080 excurrere.
625 3045 675 3096 per
692 3027 809 3079 hiemem
822 3043 932 3096 quoque
953 3033 1036 3076 totam
1049 3027 1186 3094 Mysorum

110 3109 137 3144 tc
158 3097 358 3168 Paphlagonum
378 3107 482 3152 turmae
510 3099 561 3150 sub
582 3097 669 3149 tribue
685 3099 793 3150 vexillis
822 3099 892 3148 circa
911 3096 1005 3146 urbem
1023 3095 1186 3149 hibernare-

110 3174 179 3230 rant,
199 3178 232 3220 ut
248 3173 427 3222 Romaeoram
443 3171 473 3222 in
490 3171 593 3222 Turcos
613 3169 769 3237 eruptiones
787 3169 984 3236 reprimerent,
1006 3182 1056 3218 nec
1074 3184 1119 3218 eos
1138 3185 1186 3219 ur-

110 3231 140 3285 be
165 3254 307 3291 excurrere
324 3242 452 3293 sinerent
498 3238 609 3291 Itomaei
627 3239 709 3306 igitur
729 3247 804 3291 extra
821 3246 912 3307 portas
932 3235 1042 3305 prodire
1062 3254 1117 3290 non
1134 3256 1185 3308 po.

110 3309 208 3372 lerant,
225 3312 312 3363 tantis
333 3310 452 3364 bostium
470 3310 573 3362 viribus
591 3308 762 3360 circumdati:
783 3317 967 3360 verumtamen
985 3307 1134 3359 biremibus
1153 3327 1184 3360 ac

109 3375 256 3435 triremibus
276 3383 470 3445 excurrebant,
498 3380 606 3450 praedis
624 3378 658 3429 ab
679 3395 766 3448 usque
785 3378 880 3446 Cyzico
899 3395 932 3430 ex
949 3379 1098 3430 'lurcorum
1116 3380 1183 3434 vicis

109 3447 241 3504 maritimis
270 3453 358 3515 actis,
387 3453 469 3506 etiam
496 3450 609 3522 captivit
636 3449 746 3514 multis,
769 3465 885 3569 prorum
912 3465 973 3517 pars
999 3465 1095 3512 caesa,
1119 3466 1181 3517 pars

109 3513 181 3583 cpoli
202 3522 368 3576 venumdate
391 3532 440 3575 est.
466 3522 530 3573 dum
547 3538 594 3573 ver
611 3518 755 3585 adventat,
802 3520 855 3570 isce
873 3520 970 3588 pugnis
988 3517 1093 3570 levibus
1113 3529 1182 3570 tem-

108 3599 153 3650 pus
177 3599 359 3658 transactum,
381 3592 601 3663 ieiuniorumque
629 3591 688 3644 dies
709 3589 847 3642 numerari
873 3589 979 3658 coepti,
1003 3607 1054 3642 nec
1071 3589 1181 3640 interim

109 3658 228 3716 ecclesiae
248 3664 394 3717 discidium
406 3664 536 3716 cessabat„
553 3663 674 3716 omnium
693 3661 852 3730 conspectui
869 3665 1026 3729 portentosa
1045 3657 1182 3710 discordia

108 3724 307 3800 obversabatur,
331 3736 361 3787 in
383 3735 474 3788 studia
497 3733 631 3786 contraria
651 3731 855 3787 discedentibus
873 3731 908 3782 iis
928 3730 976 3798 qui
997 3729 1180 3780 confessiones

108 3797 229 3856 audiendi
252 3823 366 3858 munere
383 3805 573 3874 iungebantur.
593 3803 628 3854 ad
656 3820 702 3854 eos
722 3804 796 3854 enim
813 3802 861 3852 ubi
880 3799 1046 3852 accedebant
1065 3797 1180 3848 Christi-

108 3869 148 3918 ⁸¹¹l
163 3884 272 3939 peccata
294 3895 342 3929 sua
372 3875 539 3937 consessuri,
566 3873 804 3941 interrogabantur
826 3889 892 3922 num
917 3887 978 3921 curn
1007 3867 1123 3942 iis‚wqui
1144 3867 1178 3918 ab

109 3939 228 3998 ecelesiae
246 3949 437 4000 communione
451 3944 554 3997 rescissi
568 3951 641 4006 eunt,
658 3943 908 4006 communicassent3
925 3957 989 3990 num
1000 3938 1034 3988 ab
1045 3937 1178 3988 lienotico

109 4006 251 4068 celebratae
280 4019 407 4088 liturgiae
433 4015 637 4077 interfuissent3
660 4010 866 4081 latentibusque
888 4009 1075 4079 poeniteutiae
1099 4025 1179 4060 carisa

110 4073 169 4131 ‘¹¹¹¹ss
197 4103 286 4154 poene
309 4090 413 4141 indicta
429 4087 570 4154 multaque
598 4083 684 4152 gravis
702 4082 782 4133 dicta
807 4089 916 4150 peracta
935 4077 1034 4129 deinde
1053 4095 1086 4130 ex
1103 4095 1177 4132 more

109 4153 277 4221 poenitentia,
294 4162 343 4228 qui
361 4158 571 4230 participatione
590 4153 710 4222 corporis
728 4161 756 4204 et
776 4150 912 4217 sanguinis
934 4147 1062 4200 dominici
1081 4149 1177 4218 dignus

111 4223 276 4293 censebatur,
301 4231 351 4281 illa
367 4230 506 4301 percipere
539 4223 711 4278 asacerdote
731 4221 859 4274 henotico
880 4219 952 4290 gravi
969 4237 1056 4292 poene
1074 4221 1177 4274 indicta
