3075 4825
378 270 465 378 482
650 275 657 288 '
740 291 879 359 nocie
916 294 1111 358 nrsronrn

333 471 339 484 ·
380 454 461 518 dolie
475 451 617 534 baurgiio,
636 451 767 533 loquele
782 473 856 512 sono
879 451 909 511 in
935 449 964 512 ic
981 463 1081 512 vostre
1095 469 1191 525 mene,
1216 446 1352 510 contrade
1366 452 1409 514 roi.

318 539 426 602 2051»
452 535 644 620 impendere
660 534 699 595 de
714 533 873 596 Bnbillone
895 545 926 596 ei
958 536 979 595 li
998 534 1123 612 culdei,
1144 532 1165 594 Ιί
1187 532 1266 616 quali
1285 553 1317 593 ve
1335 531 1410 592 hanno

378 630 495 684 cerroto
514 619 625 680 deniro
647 616 695 679 dcl
716 616 831 693 muro,'
846 639 1021 680 venernnno
1042 637 1098 700 per
1110 637 1194 677 mezo
1212 625 1307 698 queste
1325 615 1412 692 cinde,

377 715 409 768 et
429 702 646 764 combetcrnno
663 721 723 761 con
746 703 797 762 voi
810 723 870 762 con
889 723 982 762 meno
1001 701 1119 762 dentena
1138 711 1169 760 et
1187 721 1241 760 con
1260 699 1360 760 braccio
1374 719 1411 780 po

376 796 475 862 onte,
495 796 529 847 et
546 806 605 846 con
624 783 741 927 gundo
770 786 818 844 ira
846 795 877 846 et
906 785 1012 846 furore
1043 785 1224 846 botterenno
1241 782 1261 842 li
1277 782 1411 842 nabindon'

376 871 417 932 de
437 879 544 951 queste
564 869 623 928 cite
645 888 673 933 e.
715 868 757 927 Et
779 869 800 928 li
823 867 939 928 homini
962 879 993 930 et
1014 869 1035 928 li
1056 867 1179 930 animali
1199 865 1262 927 feri)
1281 869 1372 925 morire
1385 863 1412 924 de

377 965 478 1014 morte
497 951 628 1012 crudele.
669 950 711 1010 Et
735 971 799 1011 non
824 950 938 1012 havere
958 951 1166 1013 misericordie
1186 950 1224 1012 de
1244 946 1313 1010 loro.
1333 947 1413 1007 [adri.

375 1049 525 1099 caverunt
544 1034 676 1132 vestigio
695 1045 799 1094 msera
815 1036 847 1094 in
866 1037 972 1095 itinere
984 1035 1163 1118 platearico
1186 1048 1350 1094 nostramm.
1367 1031 1411 1112 Ag

353 1117 688 1285 'ww
708 1117 1173 1282 ''iiidi'i‘ff'ssd‘ffss‘
1189 1127 1366 1260 mizi:
1378 1135 1413 1253 ii

375 1285 460 1346 muri
533 1307 551 1344 r
588 1276 741 1364 epponerli
781 1280 810 1344 le
844 1284 933 1350 scale.
974 1285 996 1343 ii
1029 1282 1133 1366 poveri
1166 1283 1270 1344 Romei
1298 1279 1413 1340 viriimen-

375 1376 407 1428 ie
428 1387 496 1428 corn
537 1376 668 1438 levario,
687 1364 762 1427 tutti
793 1365 916 1449 disposti
945 1368 1046 1450 prime
1068 1368 1165 1428 morir
1187 1368 1217 1426 in
1234 1366 1261 1427 le
1281 1363 1361 1424 deine
1376 1361 1413 1420 cie

374 1447 478 1511 lanarii
498 1451 623 1510 intrare.
647 1450 700 1510 Me
718 1447 746 1508 le
762 1449 888 1511 voluntd
909 1450 1030 1528 divine,
1051 1450 1081 1511 la
1101 1451 1193 1534 quale
1212 1449 1300 1509 haren
1316 1445 1414 1526 dispono

374 1531 508 1614 perdere
528 1533 557 1592 ie
585 1531 665 1612 cite,
690 1530 788 1592 dirici>
808 1533 829 1592 ii
854 1533 971 1596 Turchi
1002 1554 1060 1616 per
1082 1533 1111 1594 le
1132 1533 1184 1594 rin
1207 1532 1280 1594 delle
1300 1541 1367 1610 porte
1383 1547 1414 1586 sc·

374 1625 479 1686 creta,
502 1613 531 1675 ie
560 1613 652 1698 quale
680 1614 719 1675 de
748 1637 841 1697 sopra
868 1617 998 1678 heremo
1014 1616 1098 1678 dicto
1126 1617 1186 1678 che
1208 1615 1239 1675 io
1258 1623 1355 1696 aperta.
1385 1610 1412 1669 Et

374 1696 503 1758 oeeendo
525 1697 629 1760 united
649 1697 763 1758 dentre
786 1698 885 1760 alcuni
914 1699 946 1762 di
967 1701 1075 1761 famosi
1096 1703 1175 1760 servi
1198 1699 1246 1759 del
1265 1709 1384 1780 tymnno,
1400 1689 1413 1749 ii

374 1781 459 1863 qneii
480 1781 645 1861 spiraveno
665 1780 744 1853 foco,
767 1803 950 1847 emnznrono
970 1785 1044 1844 tutti
1066 1781 1124 1844 che
1145 1781 1168 1844 li
1189 1789 1368 1843 contrastare
1382 1773 1414 1832 1¹¹⁰

373 1883 446 1924 cose
466 1861 616 1925 horribile
644 1862 686 1924 ad
704 1863 818 1927 redere
847 1864 867 1925 li
890 1869 996 1948 povcri
1018 1866 1110 1928 Greci
1142 1877 1176 1928 et
1194 1864 1308 1938 Latini,
1326 1861 1342 1922 ii
1358 1855 1414 1940 qudi

373 1956 611 2008 contrectavero
639 1955 672 2007 et
691 1967 752 2008 noo
783 1948 938 2011 lessevano
971 1959 1126 2010 accoetnre
1147 1949 1178 2011 le
1198 1949 1275 2010 scole
1289 1946 1332 2006 elli
1348 1940 1412 2012 muri,

374 2027 416 2090 de
435 2029 530 2126 quelli
550 2029 608 2092 ohe
636 2049 729 2091 erano
757 2032 860 2093 intrati
890 2054 949 2116 per·
975 2032 1004 2092 la
1032 2043 1126 2115 porta
1145 2041 1282 2106 secrete,
1303 2027 1413 2089 venirene

375 2110 514 2194 neglectu
546 2123 578 2176 et
609 2111 712 2173 alcuni
741 2117 887 2176 meando
908 2115 930 2176 li
961 2115 1008 2177 soi
1027 2115 1115 2176 ocohi
1136 2137 1169 2178 se
1192 2116 1345 2175 buttnveno
1362 2105 1415 2195 daile

314 2195 476 2258 effimnre.
514 2196 558 2258 Et
581 2197 646 2258 coni
665 2197 740 2256 tutti
758 2197 894 2259 {iniveno
921 2197 950 2259 la
969 2219 1023 2258 sue
1043 2197 1153 2261 misere
1172 2199 1246 2263 vite.
1284 2195 1317 2256 Li
1332 2188 1413 2255 Turd¹

376 2280 433 2360 poi
452 2300 542 2340 senen
560 2290 715 2341 contracto
736 2282 890 2342 ficcevano
909 2280 938 2342 le
958 2282 1039 2342 scole
1059 2281 1100 2342 eli
1122 2285 1225 2358 muri,
1247 2292 1277 2341 et
1294 2287 1414 2338 montan-

377 2380 420 2422 no
441 2381 529 2423 come
549 2361 652 2445 equile
672 2363 800 2428 volenti.
853 2366 897 2427 Lo
922 2365 1114 2447 imperadore
1136 2387 1196 2427 oon
1220 2363 1240 2426 li
1261 2363 1323 2424 nitri
1342 2355 1415 2419 Ronei

376 2464 440 2504 non
458 2464 613 2525 reperero
634 2446 693 2507 cho
712 2445 733 2507 li
752 2447 868 2510 Turchi
889 2449 1005 2510 fossino
1026 2450 1156 2525 intrati,
1184 2470 1239 2531 per
1257 2448 1308 2508 che
1326 2443 1349 2502 la
1366 2460 1416 2523 por·

375 2534 409 2587 ie
431 2528 513 2587 onde
535 2527 694 2589 intremno
723 2530 753 2590 so
776 2531 816 2591 de
839 2532 945 2615 longi,
976 2542 1006 2593 et
1029 2532 1141 2615 perche
1161 2532 1238 2593 tutti
1259 2527 1415 2591 attenderam

375 2608 423 2669 ale
442 2607 516 2670 loro
536 2611 676 2671 statione.
719 2614 755 2673 Li
775 2613 893 2676 Turchi
914 2635 1006 2677 erano
1024 2619 1098 2676 rutri
1118 2616 1236 2677 homini
1258 2614 1294 2674 da
1314 2606 1416 2688 bingii&

376 2702 408 2753 et
427 2712 522 2753 erano
543 2694 599 2775 piir
616 2693 656 2755 de
676 2696 737 2755 XX
760 2718 817 2777 per
836 2698 955 2759 ciasche
977 2719 1039 2759 uno
1063 2700 1194 2764 Romen.
1236 2694 1366 2758 Vedendo
1381 2686 1416 2747 ad·

375 2794 482 2856 nnque
508 2774 543 2836 lu
570 2777 704 2838 exercito
741 2779 781 2840 de
801 2780 869 2841 forn
889 2781 946 2841 che
966 2780 988 2841 ii
1018 2782 1062 2841 soi
1082 2784 1118 2842 cir
1136 2804 1230 2843 erano
1250 2780 1344 2841 intrati
1362 2779 1385 2834 in
1400 2770 1417 2829 ie

375 2858 454 2934 eid,
478 2867 560 2919 tutto
578 2880 611 2920 ee
629 2880 729 2921 mosse
751 2882 808 2922 oon
831 2864 947 2943 grande
967 2865 1079 2946 impetu
1106 2876 1137 2925 et
1159 2868 1274 2929 surore.
1311 2862 1346 2921 Et
1361 2856 1418 2917 elci·

376 2942 410 3000 ni
429 2942 534 3023 peric
555 2944 634 3004 scale
654 2954 803 3025 apponte
826 2946 867 3005 eli
889 2950 986 3022 muri,
1011 2947 1112 3008 alcuni
1133 2970 1189 3031 per
1211 2949 1238 3009 ie
1257 2957 1335 3029 porte
1352 2941 1418 3000 iutra·

375 3044 479 3095 reno,
505 3046 563 3085 oon
584 3026 701 3108 grande
718 3028 897 3090 crudeirade
927 3042 957 3091 et
979 3031 1130 3093 occisione
1150 3032 1191 3093 de
1212 3032 1298 3092 Greci
1318 3038 1344 3089 et
1361 3022 1418 3083 Laii·

376 3107 426 3181 ni,
451 3108 473 3167 Ιί
494 3110 575 3189 quali
594 3109 704 3170 voltati
723 3114 795 3172 tutti
814 3114 844 3171 in
865 3114 944 3193 suge,
969 3113 1050 3173 dalla
1071 3113 1188 3197 grande
1211 3101 1407 3173 multitudined

375 3188 499 3249 barbari
520 3193 707 3275 sanguinarii
729 3195 881 3255 venivono
903 3198 1077 3277 pessundati
1098 3208 1127 3257 et
1145 3198 1271 3258 amancii
1292 3186 1418 3269 concepit·

375 3270 455 3333 tede.
497 3274 541 3333 Le
571 3296 676 3335 macor
704 3287 791 3359 parde
812 3278 896 3339 delio
925 3281 1058 3340 exercito
1090 3282 1172 3341 intro
1195 3282 1233 3340 dn
1254 3275 1344 3361 quelle
1360 3280 1418 3354 pade

376 3353 433 3415 che
452 3353 486 3415 Ιι.
499 3357 580 3416 muri
611 3379 703 3420 erano
725 3362 864 3436 ruinani,
896 3364 1007 3445 perche
1027 3365 1055 3424 le
1073 3376 1160 3445 poree
1182 3376 1214 3424 et
1234 3363 1263 3425 le
1283 3368 1363 3422 strate
1378 3370 1417 3412 11⁰i

376 3440 529 3582 2:23:ss
553 3444 1012 3588 ffintgosnultitudineffinnche
1032 3448 1143 3591 pegche
1164 3440 1420 3590 εὲἶηοάοορεῦτὲεῶ

661 3548 835 3595 ·rmor1.
914 3551 1186 3591 ormeraorev
1229 3546 1334 3590 enose

316 3607 365 3676 287
377 3602 438 3665 fine
459 3606 629 3682 conducto,
649 3548 783 3671 idnendo
804 3611 937 3672 anchora
957 3552 1106 3674 iopscudo
1125 3626 1155 3674 et
1175 3613 1205 3673 le
1226 3612 1315 3695 spada
1335 3608 1359 3665 in
1376 3618 1419 3689 ¹³³1

377 3708 431 3762 no,
454 3686 533 3749 dhre
553 3702 659 3772 queste
679 3692 801 3755 dolente
823 3694 948 3773 porcia:
971 3716 1031 3757 non
1052 3718 1083 3757 se
1106 3706 1200 3757 trove
1221 3694 1340 3779 quelche
1356 3683 1419 3770 Chss·¹

376 3772 478 3832 stiano
500 3770 557 3833 ohe
578 3794 628 3834 me
648 3774 733 3857 togin
752 3780 802 3837 via
824 3778 976 3838 intesta?
1023 3777 1140 3841 Alhore
1162 3800 1228 3840 uno
1246 3780 1276 3840 di
1298 3768 1390 3836 Turchi
1405 3762 1418 3821 11

374 3862 472 3914 tresse
493 3876 554 3915 una
575 3855 665 3918 botin
686 3871 717 3919 et
741 3860 828 3920 seriio
852 3860 932 3922 nella
968 3863 1052 3923 socia.
1072 3862 1284 3945 l'imperadore
1303 3862 1365 3916 irato
1381 3843 1419 3905 sed

375 3933 478 4017 quello
508 3938 548 3999 de
577 3960 640 4001 nnn
674 3962 777 4003 meror
798 3944 892 4005 serito.
924 3966 966 4004 un
989 3946 1067 4006 nitro
1094 3946 1242 4020 Tarcho,
1277 3942 1326 4003 che
1344 3935 1420 3995 der¹3¹⁰

374 4026 481 4091 stava,
513 4022 572 4083 feri
604 4023 816 4107 i’imperadore
851 4028 941 4086 d'una
972 4026 1085 4089 morial
1116 4029 1227 4104 ferite,
1249 4048 1299 4105 per
1317 4024 1340 4082 la
1357 4008 1419 4095 (1⁰³¹ss

374 4098 496 4193 cadette
518 4107 550 4165 in
568 4118 653 4168 terre
674 4122 785 4171 morto.
811 4111 844 4169 Li
859 4110 975 4171 Turchi
997 4112 1148 4172 credendo
1169 4112 1261 4171 hever
1282 4108 1357 4169 ferito
1374 4110 1418 4186 ui⁰

375 4192 497 4265 privato
520 4190 679 4265 stratioto,
713 4194 815 4254 hanno
852 4192 964 4255 lassato
984 4195 1014 4257 lo
1044 4194 1215 4279 irnperedor
1249 4184 1375 4253 diGreci
1396 4192 1419 4233 ¹⁰
