3075 4825
314 299 399 387 226
570 322 708 389 ouem
736 320 950 387 urcuamrs
973 315 1141 385 urruns

310 484 345 547 δν
361 477 533 563 Ἀδριανοῦ
553 474 689 560 ἐμήνυσε
708 474 766 561 τὴν
785 475 882 541 αύτοῦ
900 475 936 541 ἐν
948 472 1141 561 Χερρονήσῳ
1161 466 1322 557 διάβασιν.
1341 474 1402 539 καὶ

311 578 477 651 διαλαλίας
497 577 617 659 συχνῆς
633 578 799 659 γενομένης
817 575 873 639 καί
896 574 1003 661 φήμης
1022 569 1207 655 άπανεαχοῦ
1224 567 1268 649 οἷς
1288 566 1304 636 ά
1325 569 1401 657 ἡγε-

309 675 380 760 μιδν
401 679 437 741 ἐν
456 671 713 758 Καλλιονπόλει,
744 676 798 739 ΐνα
815 672 860 758 μὴ
881 670 897 737 o‘
921 671 1125 759 συρφετώδης
1145 664 1240 754 δχλος
1261 666 1401 755 decurri·

308 802 368 855 σας
400 770 563 861 α’φηνιάσῃ
595 770 686 855 (ἔθος
709 770 770 859 γάρ
796 764 835 857 ἤν
863 764 967 847 αύτοϊς
1003 774 1038 836 ἐν
1065 770 1134 846 ταῖς
1161 770 1315 855 ἀλλαγαῖς
1333 773 1400 834 ταῖν

310 874 471 960 ἡγεμόνων
491 874 627 955 ἐνεργεῖν
648 872 780 939 στάσιν·
815 870 979 936 dirimire
1002 872 1057 935 καί
1076 866 1225 954 τελευτὴν
1247 870 1429 945 πολλάκιςό

309 973 498 1059 κρύπτοντες
521 976 649 1055 λέγουσι
671 964 715 1061 aqi
734 976 802 1061 λαηῑ
823 970 866 1047 ὥς
887 968 906 1034 δ
930 966 1054 1056 ἡγεμών
1074 971 1212 1035 α’σθενεῖ·
1252 968 1307 1034 καί
1325 974 1402 1033 τού-

308 1095 345 1139 το
366 1074 510 1137 ποιοῦσιν
538 1066 592 1136 ὅτε
612 1065 765 1151 δμδλλοον
793 1072 1001 1149 διαδέξασθαι
1020 1066 1081 1151 ούχ
1104 1064 1281 1153 εὑρίσκεται
1310 1070 1350 1136 ἐν,
1373 1058 1401 1159 ᾧ

279 1171 393 1261 Βτύπιγ
422 1170 618 1235 ύτιλιυτιδν
648 1169 821 1257 ύπάρχει),
843 1167 922 1252 μετά
946 1172 1048 1233 ταῦτα
1069 1164 1196 1252 ἀπάρας
1219 1165 1282 1231 άπὸ
1307 1172 1401 1232 Καλ-

308 1266 502 1345 λιουνιύλεοος
521 1270 689 1354 συνέρρεον
713 1266 820 1354 πλήθη
839 1264 939 1333 πολλά
961 1267 1206 1350 προσκυνοῦντες
1228 1264 1327 1354 αύτῷ.
1348 1266 1402 1331 ἐλ-

305 1369 422 1445 θόντος
451 1368 488 1432 δὲ
519 1368 650 1453 πλησίον
674 1369 732 1431 τοῦ
748 1364 876 1448 κάμπου
898 1368 1028 1451 ἐξῆλθεν
1055 1361 1166 1429 άπασα
1196 1362 1215 1447 ἡ
1235 1362 1323 1441 τάξις
1344 1367 1401 1447 τῆς
1413 1392 1450 1435 10

304 1469 483 1558 ἡγεμονίας,
499 1464 574 1531 οδτι
598 1468 757 1551 βεζίριδες
786 1465 843 1531 καί
860 1463 1020 1551 σατράπαι
1040 1462 1097 1530 καί
1114 1460 1249 1549 ἔπαρχοι
1267 1466 1324 1527 καί
1343 1461 1402 1548 δὴ-

304 1590 446 1653 μαρχοι,
466 1566 523 1630 καί
551 1564 581 1630 οἱ
601 1568 658 1649 τῆς
676 1569 798 1648 μιαρᾶς
819 1560 927 1631 αύτιύν
945 1567 1118 1651 θρησκείας
1134 1562 1254 1645 μύσται
1273 1562 1331 1628 καί
1350 1567 1400 1629 δι-

305 1661 468 1749 δάσκαλοι,
488 1663 543 1729 καί
561 1664 590 1728 oi
605 1666 640 1730 ἐν
662 1663 853 1748 ἐπιστήμαις
870 1664 924 1728 καί
934 1666 1061 1747 τέχναις
1081 1664 1322 1745 α’σχολούμενοι,
1343 1664 1401 1726 καί

303 1768 402 1848 μέρος
430 1763 510 1829 πολύ
542 1763 598 1829 τού
613 1764 839 1849 συρφετώδους
866 1767 945 1828 λαοῦ
974 1764 1019 1839 εἷς
1038 1758 1097 1846 τὴν
1127 1761 1228 1825 αύτού
1244 1760 1397 1847 ύπάυτην.

305 1859 451 1943 ἐλθόντος
472 1855 529 1929 σύν
543 1861 603 1927 τού
622 1854 722 1944 ὄχλον
744 1859 824 1927 κατά
843 1862 1012 1948 πρόσωπον
1030 1861 1089 1926 τοῦ
1110 1856 1260 1944 ἡγεμόνος
1279 1858 1323 1937 uic
1344 1858 1399 1939 μί-
1412 1864 1448 1931 ι5
1527 1896 1528 1939 3

306 1968 376 2029 λιον
395 1965 431 2029 δν
460 1957 646 2047 στοιχηδύν,
671 1962 727 2027 καί
746 1957 920 2045 ἀποβάντες
947 1963 1011 2027 τῶν
1031 1962 1134 2047 ἵππιον
1153 1960 1287 2041 πάντες,
1308 1963 1401 2039 πεζοί

306 2058 363 2146 τῆν
395 2066 528 2146 πορείαν
548 2059 628 2149 πρὸς
659 2059 715 2127 τὸν
734 2063 871 2145 ἡγεμόνα
893 2061 1058 2144 ἐβάδιζον·
1100 2057 1174 2125 ὅδὲ
1197 2054 1323 2143 ἦγεμοδν
1344 2056 1403 2123 καὶ

306 2160 337 2226 oi
349 2164 416 2243 μετ’
432 2154 532 2227 αύτδν
546 2162 674 2227 δσταντο
688 2158 905 2245 ἐποχούμενοι.
930 2160 1087 2226 ἐλθόντων
1102 2150 1158 2224 σάν
1172 2152 1247 2245 άχρι
1268 2154 1400 2243 ἡμίσεος

277 2251 433 2342 ομιλίου,
463 2252 563 2345 άκρας
580 2264 702 2345 σιωπῆς
716 2263 751 2325 ἐν
773 2269 839 2337 τοῖς
859 2260 999 2342 χειλεσιν
1021 2253 1126 2323 αύτοδν
1142 2250 1254 2342 οὔσης,
1277 2253 1400 2341 α’θράον
1527 2330 1528 2337 η

308 2356 435 2436 στάντες
450 2356 579 2424 κοπετὸν
590 2364 672 2444 μέγα
682 2356 761 2443 μετά
778 2360 921 2444 δακρύων
934 2354 1113 2444 άνηγειραν.
1136 2353 1208 2423 ’τότε
1229 2356 1284 2422 καί
1302 2356 1449 2433 αάτδςοο
1527 2380 1528 2448 }

308 2454 432 2538 άποβάς
451 2459 506 2522 τοῦ
527 2457 623 2522 ἵππου
644 2455 706 2523 σύν
725 2466 793 2534 τοῖς
815 2458 870 2522 ύπ’
891 2456 1010 2540 αύτύν,
1031 2461 1086 2522 καί
1115 2457 1206 2522 adrui
1229 2453 1266 2521 τά
1303 2451 1400 2537 ὃμοια
1527 2453 1528 2484 ³

308 2551 476 2639 ἔπραττον,
495 2560 574 2641 βοῆς
592 2555 653 2626 σύν
674 2561 829 2644 κλαυθμῷ
848 2555 904 2622 τόν
937 2558 1018 2642 άέρα
1038 2560 1238 2641 πληροῦντες.
1280 2555 1336 2620 καί
1361 2547 1401 2640 ἦν

309 2656 392 2720 ίδεῖν
409 2658 491 2740 μέγα
505 2659 620 2732 πένθος
640 2660 695 2722 καί
714 2653 841 2721 κοπετὸν
860 2657 902 2746 τῇ
919 2655 1021 2744 ἡμέρᾳ
1036 2659 1135 2744 ἐκείνη
1151 2657 1185 2733 ἐξ
1206 2655 1401 2742 α’μφοτέρονν

375 2813 400 2870 γ.
418 2797 437 2852 δ
457 2797 536 2850 deest
552 2799 578 2850 P.

309 2939 508 2994 Chersonesum
527 2941 666 2993 traiecisse
683 2941 831 2994 nuntiaret.
853 2940 954 2994 crebris
973 2939 1073 2992 deinde
1092 2939 1261 2992 sermonibus
1280 2948 1309 2993 et
1327 2941 1400 2992 lama

309 3011 414 3082 ubique
430 3012 477 3063 vul
494 3019 568 3063 atum
588 3020 629 3064 est
647 3013 796 3082 principem
809 3011 937 3082 Callipoli
960 3011 1071 3074 adesse,
1089 3028 1124 3062 ne
1144 3011 1221 3080 plebs
1240 3011 1334 3062 infima
1355 3021 1401 3064 tn-

308 3083 398 3135 multu
429 3029 546 3135 eacitoto
573 3082 708 3134 ferociret
727 3082 855 3134 solebant
875 3083 947 3134 enim
965 3083 995 3132 in
1012 3082 1164 3151 principum
1181 3081 1334 3133 mutatione
1356 3099 1401 3133 se-

310 3149 462 3204 ditionibus
484 3153 595 3222 agitari:
619 3170 704 3222 quare
726 3161 815 3204 morte
845 3153 952 3223 saepius
972 3151 1058 3204 celata
1076 3153 1226 3221 principem
1242 3153 1339 3203 morbo
1358 3153 1400 3202 la-

310 3219 407 3273 borare
431 3223 603 3276 multitudini
625 3223 808 3292 persuadent,
834 3239 922 3294 eoque
938 3231 1034 3292 pacto,
1053 3240 1114 3273 cum
1131 3239 1269 3275 successor
1289 3223 1399 3290 longius

310 3291 391 3346 abest
406 3291 441 3342 ab
468 3293 502 3346 iis
527 3293 594 3344 locis
620 3293 669 3344 ubi
688 3294 815 3346 decessor
840 3293 929 3356 obiit,
947 3311 1005 3345 eum
1026 3292 1167 3344 deludunt.
1186 3312 1245 3344 cum
1267 3293 1400 3362 Callipoli

311 3361 493 3426 rliscessisset,
511 3364 564 3415 iter
581 3366 703 3432 pergenti
719 3365 800 3416 multi
809 3403 817 3428 ,
839 3375 870 3418 ut
886 3380 949 3416 eum
964 3373 1167 3426 venerarentur,
1188 3363 1296 3416 obviarn
1315 3381 1401 3415 vene-

310 3442 383 3485 runt.
404 3443 432 3485 et
457 3432 505 3483 ubi
524 3450 587 3502 agro
606 3433 850 3505 Adrianopolitano
879 3435 1124 3505 appropinquavit,
1145 3452 1237 3486 omnes
1256 3436 1336 3484 aulae
1354 3451 1401 3484 or-

311 3503 389 3555 dines
410 3503 608 3573 oilleialesque‚
625 3505 731 3569 Veniri,
749 3515 891 3574 satrapae,
907 3505 1106 3574 provinciarum
1128 3515 1157 3558 et
1173 3503 1336 3575 oppidorum
1355 3521 1400 3556 re-

310 3583 408 3636 ctores,
426 3575 602 3644 impurosque
620 3574 758 3644 religionis
783 3585 885 3643 mystae
900 3584 928 3626 et
946 3575 1084 3638 doctores,
1102 3577 1206 3645 quique
1223 3577 1399 3628 scientiarum

310 3662 343 3696 ac
360 3646 460 3696 artium
483 3645 567 3713 periti
592 3655 687 3708 erant,
712 3648 793 3698 turba
818 3646 937 3715 denique
965 3647 1054 3715 plebis
1073 3645 1098 3697 ei
1120 3655 1301 3698 occurrerunt.
1320 3655 1401 3714 post-

311 3733 394 3784 quam
411 3717 460 3767 illa
478 3715 626 3767 multitudo
647 3733 702 3767 uno
720 3717 831 3768 milliari
860 3715 966 3768 obuiam
984 3715 1100 3785 principi
1123 3716 1269 3768 ordinatim
1288 3731 1401 3785 proces-

311 3786 362 3848 sit,
381 3788 460 3855 equis
476 3803 569 3837 omues
589 3786 723 3838 desiliunt
738 3797 767 3838 et
784 3786 901 3856 pedibus
923 3787 1061 3838 incedunt.
1079 3795 1108 3838 at
1122 3789 1247 3857 princeps
1265 3795 1295 3838 et
1313 3787 1401 3838 comi·

310 3863 352 3907 tes
379 3858 437 3908 eius
462 3857 541 3926 equis
567 3856 732 3909 insidebant.
757 3858 875 3909 milliare
908 3856 1009 3909 deinde
1030 3856 1172 3908 dimidium
1192 3858 1295 3909 emensi
1313 3857 1400 3908 labiis

310 3929 469 3995 compressis
487 3944 639 3997 magnoque
656 3928 781 3991 silentio,
803 3928 914 3996 gradum
931 3929 1068 3990 stiterunt,
1086 3929 1278 3998 planctumque
1301 3927 1400 3994 ingen·

310 4000 366 4044 tem
381 4013 441 4048 cum
461 3998 577 4050 lacrimis
594 4015 687 4048 omnes
704 4000 785 4050 simul
803 3999 955 4051 ediderunt
974 4000 1031 4068 ipse
1051 4015 1161 4069 quoque
1177 4000 1304 4068 princeps
1323 4015 1399 4066 equo

309 4071 376 4115 tunc
402 4067 507 4120 desiliit
532 4085 593 4120 cum
625 4069 755 4120 comitatu
783 4085 847 4132 auo,
875 4070 1031 4138 pariterque
1050 4077 1133 4137 atque
1153 4069 1195 4121 illi
1216 4070 1398 4136 planxerunt,

311 4132 475 4188 elamoribus
503 4147 532 4192 et
554 4139 702 4191 eiulatibus
729 4157 819 4190 aerem
845 4139 1027 4190 uerberantes.
1045 4139 1094 4190 illa
1113 4139 1158 4191 die
1178 4140 1280 4191 luctum
1300 4139 1399 4206 ingen·

308 4209 367 4258 tan
384 4219 417 4256 ae
435 4207 573 4278 planctum
590 4209 626 4262 ab
645 4217 762 4281 utraque
783 4217 861 4282 parte
878 4226 988 4266 temere
1008 4216 1074 4264 erat
1090 4211 1243 4284 principem
1259 4209 1310 4264 ubi
1329 4225 1399 4262 con·
