3075 4825
318 209 404 316 548
745 236 958 310 nutarunt

315 405 385 459 ctat
406 403 442 458 ut
461 395 543 457 enim
558 414 651 458 naves
666 396 815 460 firmiores
832 398 893 458 sint
920 413 975 456 uec
992 391 1076 456 tisriie
1095 410 1204 478 aquam
1219 392 1400 472 admittant,

315 483 384 562 pice
404 489 436 540 et
454 479 528 540 sebo
553 480 764 562 inunguntur3
788 480 872 562 quod
901 481 991 540 etiarn
1011 480 1048 540 ad
1070 480 1268 560 navigationis
1287 477 1403 540 celeri-

314 575 406 624 tatem
431 563 563 627 confert.
584 585 657 623 usus
676 575 720 624 est
739 575 842 626 autem
857 562 914 622 hoc
934 562 1029 624 verbo
1050 557 1252 644 ἄσφαλιοῦν,
1274 563 1403 624 baama·-

314 668 352 708 ne
375 643 529 722 inducam
551 645 638 727 quod
662 669 717 728 pro
738 646 868 706 πιττοῦν
889 645 993 722 ctiam,
1015 644 1111 706 idest
1131 645 1285 727 impicare,
1308 665 1405 706 usur-

313 740 417 812 patur.
446 727 498 788 sed
520 727 645 789 sortasse
668 728 767 789 voluit
794 729 924 790 scribere
944 717 1134 808 ἅσφαλὼας.

396 810 435 875 P.
458 809 511 884 32,
537 832 581 893 ¹7·
625 811 760 892 Abasgi‚
782 811 821 871 de
845 811 956 893 quibus
975 809 1031 870 hoc
1053 812 1149 891 capite
1168 808 1320 891 loquitur,
1343 830 1403 891 po-

313 891 381 974 puli
399 903 474 954 sunt
490 892 563 962 olim
589 893 671 954 iberi
692 894 784 968 dicti,
807 892 846 954 ad
866 891 1019 952 Euxinum
1040 903 1168 972 pontum
1195 894 1400 975 pertinentes.

398 977 623 1036 Cuntacuzenus
650 977 762 1037 harum
791 977 928 1056 turpium
955 985 987 1036 et
1009 974 1180 1038 Christiano
1202 978 1334 1036 nomine
1356 974 1406 1036 in-

313 1057 477 1140 dignarum
499 1059 710 1119 conditionum
739 1079 802 1121 uon
825 1059 984 1134 meminit,
1017 1059 1129 1138 quibus
1160 1079 1231 1120 cum
1252 1058 1406 1120 Omhane

205 1144 209 1152 “
313 1140 424 1203 foedus
446 1153 475 1201 ct
496 1141 672 1204 societatem
692 1143 764 1202 beili
785 1141 878 1202 Anna
899 1143 1055 1200 contrusit.

397 1225 436 1290 P.
445 1225 497 1297 33,
508 1226 537 1287 5.
560 1226 634 1305 Cap.
648 1247 677 1306 9.
700 1225 768 1286 Hoc
778 1227 877 1306 capite
892 1223 931 1286 de
943 1226 1057 1304 nuptiis
1067 1219 1218 1282 Oratianis
1228 1231 1259 1282 et
1280 1223 1404 1284 Canta-

312 1309 419 1366 cuzeni
439 1307 517 1368 iiiiae
537 1306 718 1368 Theodorae
748 1309 859 1388 agitur.
882 1305 913 1365 in
935 1326 972 1367 eo
993 1304 1128 1366 notanda
1151 1314 1198 1366 est
1212 1307 1356 1366 varietas
1376 1316 1408 1366 et

313 1387 459 1450 dissensio
475 1391 559 1452 inter
571 1399 712 1451 nostrum
725 1400 883 1450 auctorem
896 1399 926 1448 ct
937 1389 1198 1450 Cantnnuaenums
1219 1388 1271 1448 hic
1282 1387 1409 1470 quippe

314 1474 418 1534 asserit
439 1471 523 1532 tius
548 1495 614 1554 cap.
630 1494 670 1555 9²
692 1473 869 1534 Orchauem
890 1469 969 1532 filiae
997 1492 1069 1532 suae
1090 1469 1210 1551 nuptias
1231 1471 1407 1548 ambiisse;

313 1575 390 1633 quas
409 1577 478 1615 cum
501 1555 531 1615 in
549 1555 634 1616 aliud
658 1564 779 1638 tempus
797 1554 939 1618 reiicerct
958 1555 1209 1628 Cantacuzeuus,
1239 1554 1308 1614 imo
1332 1573 1409 1636 pm-

312 1656 350 1695 co
371 1637 554 1717 respondere
582 1637 736 1716 differret,
768 1639 808 1700 ab
831 1638 970 1698 Homure
1003 1658 1070 1696 eum
1089 1635 1271 1696 affinitatem
1293 1637 1407 1698 utilern

312 1718 370 1779 sibi
390 1720 455 1780 sore
473 1741 580 1783 suasus
601 1721 696 1782 filiam
714 1743 803 1782 suam
832 1718 970 1781 Orchani
990 1719 1164 1800 despondet.
1207 1721 1408 1781 Cantacuze·

313 1823 357 1862 no
377 1801 433 1862 soii
454 1805 485 1862 in
509 1826 565 1864 sua
587 1826 678 1866 causa
697 1803 883 1866 credendum
904 1819 965 1862 uon
988 1813 1050 1874 ost;
1084 1813 1114 1862 et
1134 1803 1339 1864 verisimilius
1361 1804 1408 1862 vi·

217 1889 245 1942 P.
255 1904 301 1939 aar
315 1885 405 1946 detur
423 1886 505 1966 quod
529 1887 602 1948 dicit
623 1897 740 1964 noster,
765 1889 1013 1950 Cantacuaeuum
1035 1885 1114 1946 filiae
1132 1885 1258 1966 nuptias
1278 1886 1410 1946 Orcha-

315 1971 346 2027 ni
365 1972 585 2048 proposuisse,
605 1982 641 2030 ut
661 1970 788 2051 foedus,
830 1971 1009 2050 quodcum
1029 1989 1065 2028 eo
1086 1970 1212 2050 iungere
1238 1969 1408 2050 cupiebat,

313 2053 417 2112 artiori
438 2053 566 2112 vinculo
592 2055 757 2135 stringeret
790 2063 822 2116 et
843 2052 1018 2112 Orchauem
1049 2071 1068 2110 a
1086 2051 1183 2132 priori
1208 2073 1284 2112 cum
1308 2052 1409 2112 Anna

312 2145 402 2214 pacto
433 2145 598 2196 averteret.
626 2135 804 2198 alliciendus
837 2144 906 2195 erat
924 2135 1078 2216 princeps.
1091 2134 1162 2212 iile3
1187 2154 1247 2196 nec
1269 2135 1408 2217 gratiori

311 2227 367 2278 aut
386 2219 521 2279 suaviori
541 2239 609 2280 esca
629 2221 751 2280 eumin
774 2227 877 2301 partes
899 2237 969 2278 suas
991 2216 1115 2278 trahere
1134 2225 1261 2300 poterat
1286 2219 1408 2278 Canta·

310 2321 461 2374 cuzenus,
496 2323 591 2383 quam
622 2323 666 2364 nu
688 2305 800 2364 tiarum
832 2320 884 2382 spe
919 2321 956 2360 ac
976 2299 1109 2381 ingentis
1127 2297 1210 2362 dotis
1231 2301 1408 2381 promissis.

311 2381 466 2444 Phranzcs
492 2403 559 2465 cop.
587 2384 623 2447 15
642 2324 695 2447 liii
720 2407 731 2447 1
768 2385 822 2446 has
844 2385 925 2443 inter
945 2385 1144 2464 imperatores
1163 2382 1345 2446 discordias
1369 2383 1407 2445 ad

312 2474 455 2607 tempora
469 2466 611 2605 samaras
629 2470 760 2531 Moratis
780 2468 855 2531 saiso
875 2466 1040 2547 transiert;
1061 2467 1145 2549 quod
1165 2466 1224 2527 hoc
1245 2466 1326 2529 loco
1350 2488 1407 2529 no-

311 2556 367 2607 tan
392 2568 444 2607 um
483 2548 536 2608 uit.

395 2629 433 2692 P.
445 2631 494 2706 55,
514 2632 560 2696 18.
574 2625 717 2705 ἐλθόντος
728 2631 764 2695 δὲ
782 2628 839 2693 τοῦ
850 2628 1132 2715 Καντακουζηνοῦ]
1152 2631 1330 2695 Adeundus
1344 2634 1408 2715 ipse

312 2712 474 2773 Cantscua.
493 2714 572 2775 ubo
594 2737 662 2796 cap.
672 2739 725 2800 99,
747 2716 801 2777 ubi
823 2716 861 2775 de
874 2736 907 2774 se
923 2714 1086 2777 modestius
1096 2716 1190 2775 verbs
1209 2716 1284 2777 facit
1305 2738 1410 2800 quam

311 2806 419 2857 noster
440 2818 511 2857 eum
533 2796 712 2879 loquentem
736 2800 864 2863 inducit.
886 2797 1026 2857 hortatus
1044 2807 1090 2859 est
1110 2798 1253 2881 equidem
1274 2800 1409 2861 annam

312 2889 347 2939 ut
365 2900 398 2938 se
429 2878 469 2940 ad
490 2880 570 2959 pacis
590 2880 780 2944 conditiones
801 2881 913 2942 adduci
935 2891 1107 2961 pateretur,
1129 2902 1204 2943 neve
1222 2882 1410 2963 pertinacia

311 2963 371 3023 sibi
390 2983 427 3021 ac
449 2960 553 3025 liberis
573 2964 689 3027 malum
713 2976 883 3025 extremum
904 2974 1080 3024 arcesseret.

394 3046 435 3102 P.
461 3044 512 3120 36,
533 3067 583 3107 ao.
627 3044 657 3107 oi
682 3047 717 3108 δὲ
738 3046 795 3127 τῆς
819 3041 952 3127 πόλεως]
976 3045 1135 3107 Videndus
1155 3047 1326 3109 Cuntacnz.
1351 3046 1408 3109 lib.

311 3123 332 3185 ὅ
362 3145 430 3203 cup.
456 3128 517 3207 96,
544 3132 596 3190 ubi
629 3131 769 3211 queritur
795 3150 828 3191 se
859 3128 1051 3191 contumeliis
1083 3152 1101 3189 a
1128 3126 1258 3211 Cpoleos
1286 3129 1415 3195 incolis

309 3210 430 3287 saepius
450 3214 577 3288 petitum
597 3213 696 3273 fuisse.
969 3266 974 3281 ,

393 3288 433 3351 Ρ.
458 3293 509 3373 37,
531 3315 564 3374 7.
583 3289 713 3355 εἴσεισιν
731 3294 765 3356 ἐν
786 3293 826 3377 τῇ
849 3287 950 3375 πόλει]
975 3295 1136 3356 Cantacuz.
1155 3292 1242 3357 lias
1265 3314 1337 3377 cap.
1348 3314 1404 3379 99.

311 3392 428 3433 annum
448 3374 488 3432 ad
508 3380 677 3457 marginem
696 3379 877 3440 notavimus.
1215 3386 1218 3393 '

394 3452 434 3514 P.
456 3456 511 3534 37,
532 3478 563 3539 9.
607 3461 679 3541 Cap.
707 3481 753 3527 ro.
775 3462 935 3523 Consentit
958 3462 1080 3521 omniuo
1101 3460 1333 3522 Cantscusenus
1355 3460 1405 3521 his

310 3554 390 3615 quae
414 3552 581 3701 uarlrpntpr
613 3564 632 3602 a
658 3544 756 3603 Duos.
778 3544 935 3607 adeundus
961 3554 1007 3605 est
1033 3564 1142 3625 ucap.
1166 3563 1207 3625 99
1235 3540 1290 3605 lib.
1314 3544 1338 3606 5
1361 3544 1401 3605 ad

311 3638 380 3698 cap.
406 3640 442 3679 ro
475 3643 483 3679 r
508 3666 516 3682 .
550 3666 559 3682 .

328 3781 334 3793 ι
392 3702 432 3763 P.
447 3701 496 3777 38,
515 3725 542 3765 r.
557 3700 834 3790 ἅνακεκαλυμμένῃ
848 3705 888 3790 τῇ
898 3705 1039 3791 κορυφῇ]
1061 3708 1171 3771 Gestus
1184 3716 1398 3769 estvenenn·

311 3787 362 3852 trs,
384 3784 543 3847 salutantis
563 3798 593 3847 et
616 3788 751 3849 officium
766 3790 945 3853 exhibentia.
987 3790 1123 3853 Codinns
1142 3788 1347 3870 Curopalatcs
1359 3788 1398 3854 de

312 3860 390 3922 offic.
401 3866 496 3928 Palat.
506 3872 575 3949 Cp,
595 3871 649 3930 ubi
661 3872 700 3931 de
717 3871 947 3934 Protovestiarii
962 3873 1060 3935 officio
1077 3874 1152 3955 agit,
1163 3878 1263 3954 ipsum
1277 3873 1396 3932 nudato

310 3948 410 4021 capite
432 3950 470 4007 ad
500 3952 712 4031 imperatorem
743 3954 890 4017 accedere
911 3967 1019 4033 notat,
1039 3968 1073 4017 ut
1094 3978 1112 4019 e
1133 3966 1218 4017 veste
1237 3956 1303 4017 eius
1323 3954 1397 4015 ssoe-

310 4042 364 4081 cos
383 4026 433 4087 vel
453 4034 573 4111 quidvis
594 4037 747 4110 sordium,
768 4040 794 4096 si
816 4058 903 4099 casus
919 4044 960 4099 ita
983 4040 1110 4114 tulerit,
1133 4039 1273 4115 anferat3
1295 4040 1340 4095 ita
1362 4048 1397 4097 ut

311 4104 394 4185 apud
408 4111 542 4176 Graecos
562 4130 657 4199 caput
676 4119 795 4182 nudum
815 4120 929 4183 hahere
951 4122 1157 4189 venerationis
1175 4140 1263 4195 caasa
1284 4124 1318 4181 in
1339 4139 1397 4179 usn
