3075 4825
275 426 433 492 trauca
461 428 711 492 rnrenrnere
742 426 932 491 incanae.
1058 400 1146 515 4¹9

70 578 163 634 mania
184 586 215 638 et
236 576 379 640 ordinare
400 580 428 641 le
450 599 519 639 cose
540 576 578 639 dc
597 576 717 641 Tracia.
759 576 795 638 In
818 586 926 661 questo
950 598 1033 641 mezo
1050 580 1147 643 Eme·

71 658 136 718 nuel
155 662 351 741 imperador,
381 660 578 743 anticipando
606 659 634 720 el
656 670 778 743 tempo,
797 660 911 723 mandi)
930 660 982 722 doi
1003 665 1147 725 arnbaxa·

70 741 130 801 dori
154 742 181 803 al
206 744 305 805 ducha
328 746 450 821 Norat,
480 742 645 825 Paleologo
666 744 809 805 Laeliana
829 754 860 804 et
876 743 1034 827 Theologo
1057 750 1148 810 Cora·

65 824 136 898 cha,
159 824 196 885 ad
216 826 357 888 consoler
376 828 403 889 el
425 827 523 889 duclra
551 826 631 888 della
654 839 752 889 morte
772 828 811 888 de
829 848 884 887 suo
907 838 999 909 patre
1020 838 1053 891 et
1071 852 1147 893 con·

68 924 231 970 memorare
253 909 281 971 la
305 910 436 972 amicitia
458 910 517 972 che
547 932 607 984 con
637 910 681 970 lui
712 910 808 973 havea
827 908 964 990 havuto,
986 922 1017 971 et
1034 914 1086 994 poi
1107 918 1148 975 ed

67 992 289 1071 congratulatae
322 994 401 1054 della
428 995 600 1055 assuetione
633 1012 686 1055 sua
715 992 744 1053 al
772 992 903 1054 duchato
932 1005 1079 1076 paterno,
1109 996 1150 1059 ad

68 1071 190 1135 l'ultimo
210 1096 438 1138 conmemorare
469 1076 497 1137 al
518 1077 618 1137 duche
639 1076 668 1137 la
692 1076 884 1137 ordinatione
906 1076 1149 1141 deMechemeth

67 1154 111 1215 bei
137 1157 198 1219 dcli
233 1162 278 1221 soi
309 1160 415 1243 piccoli
448 1158 574 1243 liglioli,
600 1159 638 1220 de
667 1158 689 1220 li
710 1159 795 1243 quali
828 1158 860 1219 lu
880 1160 1073 1241 imperadore
1093 1184 1150 1225 era

66 1238 210 1303 instituite
234 1246 455 1321 commissario,
478 1254 507 1303 et
531 1240 704 1304 domandae
723 1244 781 1305 che
802 1242 824 1303 li
845 1243 954 1303 mande
976 1243 998 1305 li
1022 1246 1066 1305 toi
1090 1268 1151 1329 pu·

63 1320 123 1401 pilli
154 1326 294 1387 secundo
328 1326 356 1387 la
382 1324 508 1387 volunta
530 1336 666 1409 paterna.
716 1326 759 1387 Et
780 1346 812 1385 se
830 1326 891 1385 cosi
913 1326 998 1401 sord,
1025 1328 1150 1391 conlui

62 1404 140 1465 bona
161 1430 238 1489 pace
264 1410 397 1488 havere,
426 1430 511 1473 come
542 1408 642 1471 hebbe
665 1428 720 1471 suo
741 1420 849 1493 patre:
871 1431 920 1468 ma
939 1430 971 1470 se
991 1432 1052 1471 non
1075 1414 1151 1476 vorle

63 1487 207 1551 obhedire
229 1491 268 1553 ali
297 1492 541 1553 comandamenti
576 1494 723 1575 paterni,
754 1490 784 1553 lo
809 1492 1004 1574 imperadore
1025 1492 1064 1555 lie
1087 1516 1151 1557 uno

61 1570 138 1632 altro
160 1574 266 1637 ducha
289 1580 319 1636 io
342 1576 481 1659 deposto,
503 1574 559 1637 che
579 1576 737 1637 elllustala
757 1573 878 1637 fratello
898 1576 938 1636 de
959 1575 1151 1641 llleclremeth

60 1674 115 1713 suo
136 1668 242 1735 patre3
265 1660 294 1721 el
313 1660 402 1741 quale
420 1658 607 1719 constituerit
629 1661 660 1719 in
682 1660 712 1720 la
741 1658 824 1720 sedin
844 1658 974 1736 ducale,
1000 1670 1031 1723 et
1053 1660 1151 1725 serato

60 1737 199 1823 principe
221 1744 259 1803 de
283 1743 470 1817 Macedonia,
494 1742 533 1803 de
554 1740 731 1803 Chierooiso
756 1752 789 1805 et
808 1742 847 1803 de
865 1752 947 1804 tutta
967 1742 1097 1818 Tracia‚
1120 1758 1154 1807 et

58 1840 75 1878 a
97 1842 175 1901 poco
200 1836 302 1907 tempo
342 1826 373 1886 oi
398 1825 436 1886 dc
458 1822 485 1887 lc
504 1836 588 1909 parte
612 1825 650 1886 de
671 1828 809 1895 Oriente.
834 1825 969 1887 Paiasith
991 1848 1153 1889 veramen-

60 1910 108 1973 te,
134 1908 257 1968 vicario
279 1848 489 1989 delpriocipc
510 1912 635 1986 Mornt,
657 1908 720 1970 lece
739 1908 964 1969 al’imbaxadori
987 1908 1153 1993 dequesta

57 1986 231 2049 substantia
266 1987 295 2049 la
328 2012 378 2051 res
399 2002 484 2067 osta,
505 1990 561 2051 che
582 2010 644 2049 non
667 1990 683 2051 ὲ
704 1992 784 2052 bene
813 2014 852 2051 ne
872 2002 1080 2071 conregnante
1099 1992 1153 2054 alli

55 2070 307 2133 cornandamenti
337 2012 398 2132 del
418 2070 587 2155 propheta,
618 2071 675 2133 che
708 2073 731 2133 li
752 2072 857 2157 figlioli
887 2072 918 2133 di
942 2075 1154 2154 Mustrlmani,

57 2154 106 2212 zoe
129 2152 239 2231 fideli,
273 2176 304 2217 sc
336 2154 468 2215 lrabiano
489 2154 527 2215 ad
549 2155 687 2216 enutrire
705 2178 761 2216 con
791 2154 924 2238 ifiglioli
946 2155 977 2217 di
998 2156 1153 2235 Cauride,

57 2236 105 2295 zoe
131 2236 264 2298 infideli.
307 2238 348 2299 Et
368 2258 399 2299 se
429 2237 461 2299 lo
485 2237 661 2319 imperador
680 2240 754 2300 vora
775 2238 806 2299 la
827 2259 901 2320 pace
921 2249 1022 2299 nostra
1047 2260 1155 2301 eccon·

57 2318 94 2378 do
127 2319 159 2381 la
183 2321 287 2403 prirna
315 2320 580 2399 confederatione,
603 2331 634 2380 et
660 2340 740 2382 esser
763 2323 861 2383 amico
883 2330 988 2382 nostro
1011 2331 1212 2404 etpatre133

58 2403 93 2461 de
113 2400 136 2464 li
157 2404 263 2466 orfani
284 2422 372 2466 senza
397 2404 473 2465 altra
486 2403 713 2481 commissario,
736 2415 766 2467 ct
789 2404 839 2466 ooi
861 2402 1026 2465 havet-emo
1047 2403 1078 2465 la
1100 2427 1156 2468 oua

59 2487 193 2550 amicitia
229 2488 325 2549 senna
348 2509 434 2548 come
454 2509 487 2549 se
509 2509 568 2549 con
591 2509 654 2548 uoo
676 2487 776 2572 sigillo
796 2487 968 2548 universale
990 2486 1065 2548 losse
1089 2489 1155 2550 fer·

58 2580 149 2630 mata.
193 2571 237 2634 Et
258 2583 306 2632 tra
330 2573 382 2631 noi
404 2580 434 2633 et
455 2573 506 2632 voi
523 2593 590 2632 sera
611 2591 675 2630 uno
695 2592 783 2632 sacro
806 2583 836 2633 et
855 2569 1030 2632 inviolabile
1049 2591 1157 2632 sacra·

58 2655 184 2735 mento,
221 2653 251 2716 el
279 2654 372 2737 quale
397 2675 437 2714 ne
468 2655 572 2715 tenerit
604 2651 683 2714 infra
710 2653 731 2713 li
752 2656 851 2715 nostri
872 2653 982 2714 confini
1004 2653 1102 2714 securi
1123 2662 1155 2716 et

57 2737 188 2812 muniti,
215 2757 304 2798 come
326 2759 389 2798 una
416 2739 532 2819 pariete
564 2735 674 2800 ferrea.
716 2739 767 2798 Ma
799 2737 913 2798 havere
933 2734 956 2795 li
976 2735 1080 2818 figlioli
1101 2736 1157 2798 del

56 2831 160 2882 nostro
187 2821 334 2902 princie
354 2830 461 2904 questo
484 2822 501 2882 c
523 2817 707 2901 impossibile
733 2843 751 2880 a
772 2819 803 2881 lo
823 2819 1017 2902 imperadore
1039 2842 1057 2879 a
1076 2839 1153 2880 eon·

55 2906 208 2985 sequire;
233 2915 266 2965 et
287 2843 368 2965 dartt
390 2925 408 2964 a
428 2903 514 2964 noic
538 2901 637 2964 molto
657 2903 712 2986 piir
740 2902 933 2988 impossibile.
987 2901 1053 2962 Con
1077 2923 1152 2984 que·

55 2993 99 3044 ate
117 2987 232 3068 parole
255 2987 365 3047 lorooo
390 2985 562 3047 remandati
583 2985 606 3048 li
624 2985 821 3048 ambaxadori
840 2987 878 3047 de
891 2985 923 3047 lo
947 2981 1151 3066 imperadore.

53 3063 91 3128 El
115 3071 213 3154 quale
237 3069 334 3130 aldita
355 3069 414 3130 tale
435 3079 590 3151 resposta,
624 3067 703 3130 nella
726 3071 828 3130 areima
847 3091 902 3131 aua
925 3071 1035 3128 rimase
1057 3067 1153 3129 molto

53 3154 258 3214 contristato.
301 3153 342 3214 Et
364 3152 559 3213 recordatose
580 3151 647 3212 dele
669 3155 770 3232 parole
793 3153 850 3213 che
869 3151 964 3211 havea
985 3161 1072 3212 usato
1093 3160 1157 3212 con‘

55 3235 206 3310 Mustela,
226 3236 354 3319 quando
370 3234 398 3297 el
414 3235 527 3294 mandi)
540 3237 570 3293 in
588 3233 676 3294 exilio
692 3235 721 3294 in
736 3233 856 3311 Limno,
873 3256 959 3295 come
974 3234 1003 3295 la
1017 3234 1153 3316 hystoria

55 3331 159 3382 nostra
183 3319 226 3382 de
253 3341 345 3402 sopra
367 3317 408 3380 ha
425 3327 584 3393 mostrato,
600 3316 712 3376 mando
726 3338 791 3460 Xer
811 3317 939 3378 Dimitri
952 3319 1075 3378 Lascari
1092 3319 1153 3378 Lc-

55 3402 185 3476 ondari,
218 3403 317 3463 horno
344 3401 382 3462 de
414 3400 526 3482 grande
546 3399 650 3461 animo
675 3408 706 3461 et
747 3401 881 3462 emolta
909 3402 1055 3482 capientia
1082 3419 1154 3482 pre·

54 3481 140 3564 dito,
165 3487 198 3546 in
224 3485 256 3546 le
273 3507 341 3546 cose
361 3483 470 3546 bellice
492 3483 585 3544 molto
607 3483 779 3546 exercitato.
822 3487 856 3545 ln
876 3481 1098 3545 Laeedernonia
1120 3493 1154 3543 et

56 3565 86 3626 in
105 3567 260 3630 Thetalia
288 3589 345 3650 per
372 3568 399 3629 le
420 3590 474 3630 sue
499 3567 620 3630 virtude
648 3575 679 3628 ct
701 3587 794 3650 opere
819 3565 958 3648 preclare
980 3567 1079 3627 havca
1100 3586 1154 3625 ec-

53 3649 194 3730 quistato
216 3652 325 3795 {randi
344 3651 468 3712 honori.
523 3649 586 3711 Era
610 3649 641 3710 in
657 3649 734 3791 ‘puel
755 3661 861 3732 tempo
882 3650 1033 3710 Emanuel
1051 3651 1213 3736 impe-134

53 3735 164 3798 radore
189 3735 224 3797 sc
238 3737 286 3796 ice
307 3747 337 3798 et
364 3735 520 3795 fortunato
551 3744 638 3815 patre
678 3752 695 3794 e
726 3734 769 3794 sei
787 3727 960 3816 deguissimi
979 3730 1098 3814 figlioli,
1120 3729 1153 3790 di

56 3818 140 3897 quali
175 3817 207 3878 el
239 3820 441 3900 primogenito
471 3838 521 3878 era
540 3815 679 3893 Zuanni,
709 3825 740 3878 et
763 3827 872 3901 questo
886 3817 923 3913 'lo
944 3824 1091 3877 coronato
1113 3812 1153 3873 da

53 3913 234 4045 idalii?
242 3911 304 4061 ,ii
323 3898 698 4066 llllllsttt'ssltlle
716 3893 1153 4046 ‘ltallllnffllltllt

54 4059 86 4125 fo
105 4067 315 4142 Andronico,
350 4068 469 4150 dispoto
490 4065 529 4128 de
547 4065 697 4132 Thetalie.
739 4067 778 4127 El
800 4078 913 4150 quarto
934 4062 1155 4140 Constantino,

55 4147 83 4206 el
113 4149 214 4232 quale
244 4161 354 4212 teneva
382 4151 410 4212 lc
436 4163 525 4234 parte
551 4149 690 4210 Pontice.
734 4149 772 4210 El
793 4150 904 4232 quinto
926 4147 957 4208 fo
976 4144 1155 4223 Demetrio,

54 4227 81 4290 el
103 4243 195 4294 sexto
211 4231 367 4314 Tomaso,
388 4233 410 4294 li
436 4233 519 4316 queli
543 4233 669 4295 essendo
691 4234 773 4314 putti
794 4229 844 4291 col
867 4251 923 4289 suo
943 4240 1031 4312 patre
1052 4227 1156 4291 demo·

54 4318 189 4386 ravanoe
246 4317 372 4381 Atinate
399 4317 542 4401 aditoque
562 4317 636 4380 dcxc
657 4315 755 4400 galie,
779 4313 817 4376 de
836 4313 963 4394 homini,
986 4313 1156 4375 marritione
