3075 4825
330 331 407 415 180
581 352 719 417 nucis
741 351 958 415 urculuus
985 348 1154 413 unionis

324 518 400 576 σθεν
423 509 477 592 τῆς
499 506 702 588 παρατάξεως
725 503 778 568 διά
807 507 868 569 σῦν
892 504 1205 588 τζαγροβολισμάτων
1226 500 1281 564 καί
1299 522 1411 583 πετρο·

323 609 425 691 adius
446 605 502 690 τήν
517 604 592 669 itte
615 610 703 671 λειάν
723 608 860 670 ἐποίουν.
901 601 970 669 τότε
993 602 1022 667 οἱ
1044 605 1102 667 τοῦ
1116 598 1241 687 Μωράτ
1265 598 1324 665 σύν
1344 607 1411 675 τοῖς

295 707 484 789 ΒΦράγκοις
510 705 588 786 μίαν
617 703 778 787 α’λαλαγὴν
810 703 1009 787 σαλπιγγωδφ
1037 700 1219 785 ποιήσαντες
1248 698 1330 763 κατά
1351 700 1412 763 τοῦ

324 806 514 889 Μουσταφά
534 801 642 883 ἔθεον,
664 805 719 866 καί
739 801 831 866 αύτοί
854 804 936 864 νῶτα
957 798 1094 873 διδόντες
1117 797 1259 885 ἔφευγον,
1280 802 1335 861 καί
1348 790 1411 861 ὀῦ-

323 926 374 966 τοι
397 898 558 976 διώκοντες
579 904 635 963 οῦκ
655 900 808 966 ἐπαύοντο
830 898 889 974 ἕως
910 891 949 963 οῦ
969 894 1103 973 πολλούς
1123 900 1334 989 κατέσφαξαν.Ι
1356 898 1438 967 καὶὸ

325 1001 342 1064 ὁ
364 998 506 1082 Μουράτ
535 998 614 1082 πρὸς
640 998 676 1061 τό
699 1002 858 1079 πολίχνιον
878 995 1018 1062 ἐλαύνων
1038 1000 1092 1079 τῆς
1113 994 1253 1075 πόλεως,
1276 994 1293 1058 ὅ
1314 1000 1412 1059 Μου-

325 1101 447 1186 σταφιῖς
468 1095 510 1174 ῦς
531 1093 597 1180 εἶχε
614 1095 690 1181 πρὸς
718 1094 759 1161 τά
780 1099 832 1179 τῆς
853 1098 1020 1180 Ἀδριανοῦ
1042 1089 1159 1184 ᾤχετο,
1183 1096 1238 1158 καί
1258 1092 1413 1159 εἰσελθών

325 1200 360 1264 ἒν
379 1202 422 1286 aqi
445 1201 562 1284 ταμείρι
585 1194 603 1258 δ
625 1194 655 1258 οὶ
673 1198 833 1279 θησαυροί
851 1193 1061 1274 inanissimo,
1084 1196 1139 1258 καί
1160 1190 1266 1274 λαβών
1282 1192 1413 1275 χρῆμα·

297 1329 300 1337 ·
324 1324 367 1364 τα
396 1292 455 1361 ὅσα
484 1292 655 1380 ἠβούλετο,
691 1294 768 1378 πρὸς
797 1292 834 1357 τά
865 1296 919 1377 τῆς
940 1298 1084 1375 Βλαχίας
1113 1296 1193 1375 μέρη
1214 1291 1275 1357 σύν
1294 1288 1413 1375 σ’λίγοις

325 1397 384 1481 τὴν
412 1395 579 1479 ὃδοπυρίαν
609 1396 727 1474 ε’πσίει,
760 1390 899 1457 ἐλαύνων
927 1390 1003 1467 τοῦς
1034 1396 1149 1467 ἵππους
1170 1386 1244 1455 ὅσον
1264 1390 1457 1456 ἐδύνατο.ιο
1527 1468 1528 1471 ¹

327 1494 344 1563 ῦ
367 1500 402 1561 δὲ
423 1494 550 1579 Μωράτ
571 1497 605 1559 ἐν
627 1491 862 1558 Καλλιουπύλει
891 1500 975 1576 τρεῖς
1003 1489 1123 1577 ἡμέρας
1147 1487 1280 1574 ποιήσας
1299 1490 1356 1555 καί
1375 1496 1410 1555 τὸ

327 1596 483 1683 φρούριον
513 1590 640 1671 λαβών,
673 1592 728 1655 καί
757 1591 832 1667 τοῦς
862 1589 1065 1664 κωλύσαντας
1094 1588 1138 1673 μὴ
1158 1592 1295 1687 ἐξελθεῖν
1314 1593 1349 1654 ἐν
1369 1589 1413 1677 τῷ

328 1698 430 1775 λιμένι
451 1688 571 1765 πάντας
588 1693 727 1775 α’φειδιῦς
740 1688 960 1775 κατασφάξας,
982 1690 1028 1763 είς
1041 1683 1295 1771 Ἀδριαιωύπολιν
1315 1684 1412 1752 σπεύ-

300 1795 394 1863 (ῑδων
411 1784 541 1879 ᾤχετο,
576 1786 658 1871 ἔχων
677 1795 745 1868 μετ’
772 1788 871 1851 αὐτοῦ
891 1794 1034 1853 πλείστου
1053 1783 1185 1871 στρατὸν
1205 1788 1238 1861 ἔξ
1258 1779 1338 1874 ἑῴας
1359 1784 1415 1849 καί
1527 1854 1528 1873 ,

331 1888 460 1967 δύσεως,
482 1888 538 1953 καί
555 1884 610 1952 τάν
628 1880 802 1971 Ἀδοῦρνον
820 1881 964 1971 Ἰωάννην
983 1885 1064 1966 ῦμοῦ
1085 1883 1144 1950 σῦν
1163 1888 1242 1951 πᾶσι
1261 1895 1324 1960 τοῖς
1345 1886 1458 1949 ius-15

330 1992 481 2058 πατοῦσι
510 1985 567 2063 τάς
591 1991 688 2071 νῆας,
719 1990 776 2049 καί
795 1986 926 2070 στρατὸν
946 1986 1026 2070 ῦπὲρ
1049 1987 1123 2059 τούς
1142 1986 1335 2066 δισχιλίους,
1357 1976 1412 2048 civ-
1527 1984 1528 1997 ¹

241 2099 274 2152 V.
286 2102 321 2153 80
331 2094 409 2173 δρας
425 2082 566 2161 Ἰταλούς
591 2088 907 2170 καταπεφραγμένους
926 2088 1038 2165 μέλανι
1064 2088 1171 2171 χαλκῷ
1193 2086 1248 2147 καί
1275 2086 1413 2169 δορυφο-

329 2190 480 2273 ροῦντας,
501 2184 556 2250 καί
574 2183 809 2270 πελεκοφόρους
834 2182 948 2263 πεζούς
970 2182 1084 2271 α’ρεῖκρῦ
1105 2186 1201 2270 θυμῷ
1222 2185 1359 2261 ζέοντας.
1381 2186 1415 2249 ἐν

329 2290 366 2353 δὲ
384 2291 425 2374 τῇ
442 2286 613 2369 Ἀδριανοῦ
633 2280 867 2366 εἰσερχόμενος,
900 2278 1036 2356 άπαντες
1056 2279 1086 2346 οῖ
1107 2284 1161 2365 τῆς
1183 2279 1301 2357 πόλεως
1326 2284 1415 2366 ἐξῆλ-

328 2390 387 2451 θον
407 2386 452 2457 εἰς
472 2379 644 2466 ἀπάντησιν
665 2384 879 2467 εῦφιγμοῦντες
902 2384 989 2469 αύτῷ
995 2432 1004 2462 ,
1029 2382 1143 2458 ἐκεῖνος
1165 2382 1200 2444 δὲ
1220 2379 1300 2460 μετά
1324 2400 1460 2464 περι-το

328 2485 462 2568 χαρείας
482 2483 556 2557 τούς
576 2477 715 2557 ἅπαντας
730 2481 951 2566 προσηγόρευε.
973 2477 1124 2546 εἰσελθών
1147 2484 1183 2544 δὲ
1203 2483 1237 2546 ἐν
1255 2484 1299 2568 τῷ
1313 2487 1416 2545 παλα-

328 2584 385 2668 τίιρ
412 2583 471 2645 τοῦ
499 2579 617 2663 πατρὸς
638 2576 740 2644 αῦτοῦ
759 2583 815 2643 καί
834 2579 973 2661 εῦωχίαν
992 2582 1129 2664 μεγάλην
1151 2577 1205 2642 καί
1224 2582 1418 2646 πανδαισίαν

330 2679 464 2762 ποιήσας
498 2675 624 2741 ἐκάλεσε
655 2675 772 2752 πάντας
807 2676 882 2753 τούς
903 2678 1064 2753 Λατίνους
1093 2678 1153 2743 σῦν
1174 2681 1217 2766 rqi
1236 2679 1416 2768 Ἀδούρυφ,

299 2780 387 2848 [ικαὶ
417 2774 647 2865 εῦφρανθίντες
676 2770 864 2862 εῦφήμησαν
894 2776 991 2842 ου’τὸν
1020 2771 1168 2852 ἅπαντες.
1208 2778 1355 2862 δωρήσας
1380 2782 1417 2845 δὲ

332 3057 362 3107 in
379 3054 571 3125 Mssstaphaeos
601 3053 804 3123 impressionem
831 3054 972 3119 lecerunt3
998 3055 1027 3108 in
1046 3055 1189 3126 fugamque
1214 3072 1305 3108 versos
1324 3073 1418 3178 perse-

332 3128 397 3194 qui,
416 3129 469 3178 nisi
486 3127 603 3178 maxima
620 3134 697 3195 parte
714 3124 891 3194 interempta,
911 3141 966 3176 non
986 3125 1156 3178 destiterunt.
1176 3126 1295 3178 Morates
1315 3129 1418 3180 scinde

333 3195 369 3247 ud
386 3206 502 3248 castrum
519 3197 614 3265 pergit.
650 3193 808 3262 Mustaplsos
837 3195 946 3246 interim
963 3193 1167 3266 adrianopolim
1185 3214 1266 3265 quam
1285 3201 1418 3265 ocyssims

334 3267 488 3329 contendit,
515 3267 704 3334 ingressusque
730 3265 960 3334 gazophylacium,
996 3267 1024 3316 in
1049 3283 1103 3336 quo
1132 3267 1252 3318 thesauri
1282 3269 1420 3322 reconditi

335 3345 429 3396 eruut,
454 3338 569 3404 pecunia
593 3353 625 3386 sc
650 3335 837 3403 supellectile,
862 3345 976 3404 quantas
1002 3337 1108 3388 auferre
1132 3337 1229 3402 libuit,
1248 3342 1420 3402 convasatis,

333 3408 404 3456 viam
422 3405 578 3456 Valaclaiam
603 3421 711 3467 versus,
736 3407 856 3457 incitatis
882 3421 962 3474 quam
980 3409 1097 3458 maxims
1117 3409 1207 3477 equis,
1226 3411 1320 3478 carpit.
1357 3411 1421 3462 Mo-

334 3481 405 3528 rates
425 3476 515 3528 triduo
526 3475 654 3544 callipoli
672 3485 816 3539 transacto,
834 3478 862 3526 iu
873 3475 1040 3528 deditionem
1054 3487 1163 3548 accepto
1182 3488 1278 3541 castro,
1297 3483 1420 3532 carnotis-

335 3565 405 3618 que,
424 3549 472 3616 qui
491 3547 542 3614 ipsi
560 3563 595 3598 ne
612 3546 642 3596 in
659 3557 739 3615 portu
755 3546 931 3598 exscensleret
949 3545 1120 3609 obstiterant,
1138 3549 1290 3616 promiscuo
1310 3553 1420 3612 occisis,

336 3617 539 3685 Adrianopolim
556 3618 719 3686 properavit,
733 3619 869 3684 ingentem
888 3619 1034 3669 exercitum
1052 3636 1084 3669 ex
1100 3619 1206 3672 oriente
1227 3628 1255 3671 ct
1273 3619 1420 3674 occidente

335 3689 479 3740 collectum
498 3703 588 3739 secum
606 3685 715 3738 ducens.
738 3687 937 3740 comitabantur
956 3705 1017 3739 eiam
1038 3690 1119 3740 etiam
1137 3687 1271 3742 Iohannes
1287 3691 1421 3743 Adurnus

334 3775 482 3828 omnesque
500 3758 581 3810 sinusl
599 3757 707 3808 nuvium
726 3758 873 3825 praelecti3
900 3759 1065 3828 sequebatur
1082 3759 1212 3812 Italorum
1229 3760 1353 3829 peditum
1373 3781 1422 3814 su-

353 3848 380 3879 ra
399 3829 452 3880 duo
472 3829 559 3879 millia
578 3844 681 3895 agmen,
699 3835 868 3880 strenuorum
887 3830 1032 3900 animoque
1050 3829 1153 3880 bellum
1172 3831 1422 3902 spirantisim,{qui-

333 3847 384 3950 llus
402 3899 521 3968 corporis
537 3907 723 3966 tegumentum
747 3915 810 3950 aere
828 3900 903 3967 nigro
926 3901 1096 3964 conlectum,
1124 3918 1252 3971 armaque
1271 3902 1369 3954 hastae
1389 3921 1423 3954 ac

333 3985 446 4021 sociares.
473 3970 613 4021 accedenti
638 3967 845 4038 adrianopolim
873 3970 950 4021 effusi
984 3971 1054 4022 cives
1079 3970 1186 4022 obviam
1210 3983 1421 4040 processerunt,

333 4038 484 4108 fecistisque
502 4039 740 4093 acclamationibus
755 4057 816 4091 eum
830 4041 964 4110 prosecuti
975 4050 1051 4103 ουτως
1065 4041 1178 4111 ipseque
1196 4043 1309 4094 comiter
1324 4062 1421 4096 omnes

333 4107 467 4160 allocutus
493 4120 541 4162 est
561 4113 695 4180 ingressus
716 4111 816 4162 deinde
841 4111 924 4178 patris
942 4111 1073 4179 palatium
1092 4114 1214 4164 convivio
1242 4115 1356 4182 opipare
1376 4117 1423 4166 in-

334 4185 435 4228 structo
457 4179 593 4232 Adurnum
619 4190 778 4250 ceterosque
795 4181 904 4232 Latinos
922 4181 1041 4243 vocavit,
1060 4183 1235 4251 omniumque
1254 4184 1423 4236 lactantium

334 4247 477 4318 lamtsque
495 4253 663 4322 precantium
680 4251 792 4306 vocilius
809 4252 863 4324 ipsi
887 4252 1070 4306 acclamatum.
1105 4253 1215 4307 Adurno
1235 4264 1345 4325 praeter
1363 4255 1423 4308 alia
