3075 4825
335 370 498 439 mlnoa
525 370 774 435 lnrancnarn
803 372 991 440 nemo,
1123 346 1209 443 423

130 534 262 589 traverso
280 527 311 588 ln
332 528 402 611 quel
423 538 548 608 tempo,
583 526 799 588 cominzarnno
821 528 937 588 afnzir
956 547 1045 589 verso
1068 526 1095 587 la
1115 534 1210 589 terra.

130 610 162 669 la
181 611 280 691 quella
300 610 378 673 horn
392 608 524 673 Mustela
537 610 656 693 inpigro
668 620 698 670 et
715 609 831 671 audace
851 611 947 671 anche
962 610 1005 671 lui
1026 610 1103 670 asset
1125 608 1163 671 de
1183 611 1211 669 ta

125 692 220 773 galia3
242 702 275 755 et
293 696 388 755 latine
404 694 452 755 ala
474 714 542 754 sera
563 696 805 773 vigorocamente
818 693 961 755 havendo
974 692 1152 755 combatnto
1173 692 1212 752 de

125 775 301 859 compe'gnla
319 798 378 839 coo
399 776 562 855 Dimitrlo,
587 776 700 837 al'hora
721 778 808 837 tarda
829 777 920 837 torno
942 777 1000 837 alla
1040 776 1098 837 alio
1118 796 1214 855 anspe-

126 858 214 935 rlale,
233 860 317 921 onde
338 880 464 943 persua
487 860 593 920 nuntio
612 878 671 920 con
698 858 766 921 ledc
785 858 908 942 publica
928 798 1042 921 mandl
1064 880 1082 918 a
1102 860 1214 941 quelli,

125 940 352 1005 rechiedcndoli
381 942 437 1005 ohe
464 962 552 1003 senza
583 942 691 1003 alcuna
713 961 811 1025 panra
845 944 1005 1004 dovessino·
1026 944 1134 1003 venire
1155 937 1215 1001 alla

123 1044 176 1083 ena
192 1027 345 1107 preseotla
360 1026 401 1087 ad
423 1027 587 1109 colloquio,
609 1024 723 1107 perche
745 1026 840 1087 hocca
861 1026 901 1087 ad
926 1026 1064 1087 conserir
1083 1046 1142 1086 con
1164 1025 1213 1084 lo-

126 1126 160 1167 ro
187 1110 299 1171 alcnne
319 1110 424 1191 parole
441 1127 496 1191 per
516 1110 591 1169 utile
605 1120 635 1169 et
657 1108 808 1171 beneficio
824 1110 892 1169 dela
911 1110 1019 1174 ellade.
1061 1108 1112 1169 Ali
1129 1105 1212 1189 quali

123 1192 230 1251 venuti
253 1192 281 1252 al
303 1212 358 1253 sno
383 1201 544 1274 conspecto
564 1192 759 1253 custeranno
780 1192 865 1255 disse.
910 1193 1101 1255 Ohuomcni
1124 1190 1267 1267 valo-141

123 1274 206 1349 roal,
227 1275 339 1336 havetc
363 1275 422 1336 ben
439 1285 549 1357 sapato
573 1294 660 1335 come
684 1276 804 1337 insono
829 1274 922 1358 figllol
941 1276 979 1336 de
997 1274 1105 1336 lldrim
1120 1274 1212 1335 Paia-

121 1354 200 1432 sith,
225 1357 284 1419 che
306 1358 336 1419 fo
360 1370 461 1420 vostro
485 1362 612 1441 slgnore.
655 1360 706 1418 Ma
730 1360 781 1421 voi
796 1359 878 1421 cervi
894 1359 932 1419 dc
948 1362 1009 1419 mio
1025 1368 1121 1440 patre,
1140 1378 1213 1439 per-

121 1437 177 1499 che
197 1460 261 1501 non
279 1439 389 1503 lravete
412 1442 483 1502 data
517 1440 711 1503 obhedientla
732 1454 762 1503 ct
786 1442 884 1504 honor
901 1440 931 1503 al
949 1452 1054 1503 vostro
1073 1444 1216 1503 alanorc‘t

120 1520 186 1581 Non
216 1532 321 1605 sapete
347 1524 403 1587 che
432 1525 533 1607 quello
562 1524 618 1585 che
645 1525 837 1606 signorezava
868 1546 920 1609 per
947 1524 1069 1601 avanti,
1100 1490 1133 1585 lo
1154 1524 1216 1582 mlo

121 1603 267 1667 fratello?
308 1606 352 1669 Et
377 1608 421 1669 lui
454 1606 592 1668 havendo
612 1613 749 1669 amazalo
770 1607 869 1670 l’altro
897 1608 928 1669 dl
950 1608 1088 1681 fradelli,
1111 1616 1141 1667 et
1158 1605 1217 1665 ba·

121 1684 255 1750 biandnll
275 1692 489 1752 iniustamente
512 1692 590 1751 tollo
605 1692 632 1751 el
650 1690 760 1753 ducato
782 1702 812 1753 et
829 1692 995 1775 possednto
1011 1692 1071 1751 fine
1087 1689 1125 1750 ad
1140 1710 1217 1773 qne·

117 1778 165 1830 sto
185 1780 308 1855 tempo,
338 1776 369 1835 lo
395 1794 482 1835 come
502 1772 633 1855 profugo
656 1776 806 1856 perrenni
824 1779 855 1836 in
882 1773 911 1836 le
931 1794 1020 1833 mane
1040 1774 1071 1833 di
1090 1772 1218 1847 llomcl,

115 1861 145 1913 et
164 1853 266 1917 influe
290 1856 328 1917 ad
343 1856 418 1917 hora
442 1858 545 1918 maha
567 1866 673 1918 tenuto
708 1858 737 1918 in
759 1860 850 1919 exilio
865 1868 896 1919 et
912 1857 989 1918 fatto
1006 1855 1158 1917 confinare
1183 1856 1217 1915 ln

112 1932 142 1995 la
172 1937 281 1999 insula
312 1938 351 1999 de
380 1941 509 2022 Lymnn.
542 1939 618 2000 hora
636 1960 691 2023 per
726 1940 754 2001 la
779 1941 905 2002 volunta
931 1940 969 1999 de
1002 1939 1053 2000 dio
1072 1960 1128 2000 aon
1149 1936 1215 2020 qul.

111 2018 198 2089 voi,
223 2039 317 2081 corae
336 2022 374 2081 de
392 2038 486 2081 naxon
506 2020 633 2097 docete,
656 2022 855 2107 guardeteme
876 2039 934 2083 con
956 2020 1070 2103 allegrn
1094 2042 1166 2083 core
1187 2029 1220 2081 ct

111 2100 198 2161 bona
218 2102 393 2169 voluntate.
437 2104 509 2165 Non
538 2112 724 2166 contraslate
753 2107 784 2166 al
804 2108 866 2167 mio
892 2105 986 2165 fatale
1013 2102 1120 2169 ander.
1142 2102 1218 2163 Las-

114 2184 228 2246 satlme
256 2186 369 2247 andare
392 2188 508 2262 avanti,
530 2186 609 2248 dove
635 2185 664 2247 la
686 2208 798 2248 taxone
820 2199 850 2249 et
874 2188 902 2248 la
925 2188 1047 2247 lectuna
1068 2208 1116 2247 me
1132 2184 1220 2244 chla-

117 2286 181 2333 ma.
224 2268 267 2329 Se
296 2272 347 2331 vol
372 2274 571 2330 consentirete
597 2278 629 2330 et
655 2273 806 2353 apererite
835 2292 884 2330 me
916 2268 946 2331 la
967 2272 1036 2346 vta,
1056 2267 1140 2329 siche
1161 2288 1218 2327 con

116 2350 227 2413 l'alote
243 2362 347 2414 vostro
365 2354 396 2413 lo
412 2370 564 2435 pervenga
585 2350 616 2414 in
642 2352 851 2435 Andrluopoli
872 2356 903 2413 in
925 2354 954 2414 la
978 2373 1047 2414 casa
1063 2360 1216 2436 patema,

114 2447 216 2496 cerate
235 2457 256 2496 a
274 2454 322 2496 me
343 2435 384 2496 da
404 2435 455 2496 mo
475 2437 506 2496 ln
525 2436 705 2498 aventinen
723 2439 803 2498 servi
822 2457 872 2497 ma
890 2437 1007 2498 fradelli
1042 2444 1073 2496 et
1091 2433 1218 2495 servaro

116 2517 145 2578 la
165 2518 373 2580 benivolentia
392 2530 519 2602 paterna
538 2536 627 2580 verso
647 2521 711 2597 vol,
732 2529 761 2581 et
778 2520 924 2581 azonaero
943 2519 983 2580 ali
1000 2480 1072 2578 <loni
1091 2517 1166 2578 doni
1186 2529 1219 2581 et

115 2604 215 2682 gretie
239 2600 300 2662 allc‘
316 2604 413 2686 gratie
431 2614 571 2682 paterne.
613 2601 712 2664 Mese
734 2602 786 2664 voi
808 2610 1038 2674 contrastarete‚
1062 2602 1110 2674 io,
1132 2603 1217 2662 mni-

114 2683 210 2746 liante
223 2684 254 2745 la
271 2685 381 2746 braina
397 2686 520 2746 lortnnn
539 2695 569 2747 et
593 2684 823 2747 exercitantloee
847 2686 876 2747 el
893 2688 956 2747 mio
972 2692 1064 2766 patre
1085 2685 1217 2764 impera·

113 2765 199 2844 dore,
215 2767 288 2828 sero
304 2772 465 2830 vincetore
478 2779 510 2830 ct
522 2787 697 2830 successore
711 2767 792 2830 delle
809 2787 878 2830 cose
893 2780 1029 2850 paterne,
1043 2775 1075 2828 et
1094 2766 1132 2826 ad
1146 2767 1217 2826 Mo·

114 2859 165 2911 rat
182 2850 249 2912 mai
264 2853 320 2932 pin
336 2852 402 2912 scra
416 2851 486 2912 data
507 2849 536 2911 la
554 2852 604 2912 vla
622 2853 670 2912 ale
689 2862 779 2994 farte
791 2847 927 2934 Esperie.
953 2849 994 2911 Et
1009 2849 1050 2910 da
1072 2851 1123 2930 poi
1137 2847 1216 2909 ch’io

112 2934 181 2994 sero
203 2933 293 2994 lacto
314 2935 454 3016 signore,
487 2934 619 2995 sedendo
636 2936 667 2995 in
700 2933 813 2996 asedia
835 2935 955 3004 ducale,
977 2931 1095 2993 bavero
1110 2943 1216 3012 tempo

113 3017 153 3077 ad
175 3017 319 3078 iudicare
339 3018 401 3079 vol.
444 3015 567 3094 Quem,
588 3017 683 3078 aldito
705 3018 733 3079 el
755 3019 862 3092 parlar
880 3017 919 3078 de
939 3015 1087 3093 Mustela,
1106 3011 1217 3074 alcano

110 3099 143 3160 dl
164 3101 297 3182 primati
316 3099 355 3159 de
368 3121 421 3160 ena
447 3101 574 3160 volunta
602 3121 635 3162 oe
660 3101 794 3171 inclino,
824 3100 894 3160 altri
915 3099 1005 3178 dapot
1023 3118 1156 3159 venneto
1176 3097 1216 3156 ad

110 3201 166 3244 cua
175 3181 387 3244 oboedientia.
430 3181 469 3242 El
493 3201 587 3244 corno
607 3193 750 3265 sequente
773 3183 884 3244 Zenait
902 3181 980 3242 delle
1002 3179 1079 3264 galle
1098 3181 1217 3242 descese

113 3273 149 3326 et
173 3264 286 3327 monto
313 3287 331 3326 a
357 3263 500 3341 cavall03
533 3273 565 3326 et
596 3263 670 3324 dato
695 3263 724 3325 el
766 3287 863 3349 segne
892 3264 969 3326 della
996 3262 1130 3346 bataglia
1156 3283 1214 3324 con

110 3349 271 3410 trombete
289 3359 318 3408 et
335 3348 406 3412 altri
426 3347 530 3408 bellici
557 3347 772 3430 instrumenti,
795 3371 851 3409 con
871 3349 962 3410 Greci
977 3359 1008 3408 et
1023 3347 1141 3408 Turchi
1163 3367 1214 3406 ar·
1226 3349 1275 3416 uta

108 3435 190 3493 mat'r
204 3449 335 3494 corseno
352 3453 371 3492 a
391 3431 583 3492 combanere
598 3431 627 3491 la
646 3440 738 3495 terra.
782 3433 819 3491 Li
841 3431 967 3492 cltadini
988 3441 1018 3492 et
1038 3431 1152 3512 populo
1176 3429 1215 3490 de

109 3515 251 3597 Galipoll
285 3518 408 3590 armati,
434 3535 489 3598 pec
514 3516 541 3575 la
559 3513 709 3596 presentia
735 3513 785 3574 del
802 3517 906 3596 signer
929 3516 999 3576 tutti
1022 3535 1054 3574 ae
1075 3532 1216 3572 messene

108 3599 398 3660 cottomettendosc.
427 3601 599 3679 promiscuo
631 3596 828 3658 obhedientia
846 3599 1030 3668 attestata,
1064 3593 1216 3655 laudando

108 3683 219 3763 quello
245 3700 331 3742 come
351 3683 474 3763 signore
495 3691 525 3741 et
539 3680 743 3742 descendente
760 3681 799 3741 de
813 3682 1012 3742 Oltomanno.
1053 3680 1105 3738 Ma
1120 3673 1215 3758 quelli

110 3765 177 3827 che·
199 3785 296 3826 erano
310 3766 423 3826 statulti
445 3763 493 3824 ala
511 3763 638 3844 guardia
665 3763 715 3824 del
735 3763 881 3841 castello,
903 3787 965 3826 non
984 3763 1213 3834 consentivano,

107 3867 161 3908 ma
182 3855 443 3920 contractumnc,
465 3866 521 3906 eon
540 3846 600 3907 alte
614 3867 687 3907 voce
704 3846 858 3907 laudando
883 3849 986 3908 Mor-at
1009 3865 1095 3903 come
1109 3845 1213 3930 gignor

109 3930 309 3998 universale,
332 3931 536 4010 desprezando
563 3928 705 3996 Mustela.
753 3927 910 3991 Demetrio
928 3927 1079 3989 Leondari
1097 3947 1212 3986 remase

109 4015 150 4075 ad
179 4014 212 4075 lo
234 4011 353 4073 assedio
382 4014 433 4072 del
449 4011 540 4072 castel
562 4012 600 4072 de
622 4011 763 4094 Galipnll.
814 4008 944 4075 Mustela
961 4009 1039 4070 colle
1061 4009 1138 4069 altre
1158 4030 1212 4090 po·

110 4101 209 4158 tentia
220 4139 230 4170 ,
254 4096 311 4158 che
327 4093 358 4154 ln
377 4099 592 4178 aequiternam,
611 4115 643 4156 ce
660 4109 754 4158 m'osse
772 4115 861 4159 verso
874 4096 904 4155 lu
923 4093 1051 4154 Exemill
1062 4117 1071 4172 3
1091 4094 1119 4154 al
1140 4093 1213 4173 qual

115 4179 399 4252 Lachledernonin‚
430 4179 623 4258 Peloponeso
655 4191 684 4238 et
710 4191 788 4239 tutta
826 4181 854 4239 la
881 4176 1000 4238 Achaia
1032 4197 1131 4252 conse
1151 4197 1211 4236 con

111 4263 476 4346 laude,p1·esentandoli
503 4261 697 4324 obhedientia
718 4281 842 4324 comen
863 4281 917 4324 suo
936 4264 1066 4344 signore.
1111 4261 1211 4321 Root-
