3075 4825
299 322 388 409 366
657 344 797 411 nocie
837 342 1031 411 ursnonu

300 500 554 578 l’ambnssadorc,
586 508 620 563 et
649 520 709 562 con
730 498 775 560 lui
802 496 915 559 mendo
933 496 1052 559 anclri
1073 499 1182 581 sinque
1203 499 1308 577 milis,
1327 502 1392 563 ho·
1522 502 1523 573 g

301 588 376 648 mini
403 586 517 647 rabiosi
544 594 577 646 et
603 582 755 657 terribili,
785 602 875 643 come
909 583 977 641 enni
1013 580 1154 643 infernali
1186 584 1225 645 de
1252 585 1395 647 Plutone

301 670 436 731 mandati
457 669 629 729 udevorure
655 666 685 728 le
711 667 812 726 anime
842 667 1011 745 peccatrice
1033 663 1109 725 delli
1130 668 1231 727 Greci.
1273 670 1390 729 Catha-

259 758 408 815 Sscusino
429 754 564 812 reeevuti
578 752 599 810 li
619 750 738 810 Turchi
759 759 792 809 et
815 745 985 808 comulntili
1005 746 1043 808 de
1064 747 1152 809 molti
1175 750 1249 811 doni
1271 762 1304 812 et
1326 751 1393 812 lor·
1522 786 1523 833 p

301 837 362 981 glre
381 854 542 917 promesse
561 832 699 895 secundo
725 832 755 893 la
774 852 885 891 osunen
905 828 987 891 delle
1010 851 1091 890 nove
1110 835 1256 908 amicitie,
1281 836 1398 895 ordinis'
1438 876 1444 885 ·

314 944 332 980 a
352 924 552 1000 impromessa
579 918 674 990 dota,
706 916 735 975 la
758 913 832 997 qual
853 910 933 975 colle
955 934 1010 974 sua
1031 914 1144 995 figlioln
1165 935 1255 998 sposn
1275 920 1394 980 mando
1522 912 1523 937 l

302 1002 343 1065 nd
364 1002 489 1063 Orchan
509 1022 569 1062 con
590 1000 707 1083 grande
727 996 901 1080 splendore,
923 996 1042 1059 illustre
1063 1007 1094 1058 et
1107 996 1240 1081 gloriosa
1261 1022 1393 1083 poinps3

301 1095 334 1147 et
357 1085 532 1167 expeditose
564 1081 644 1145 delle
678 1103 750 1144 cose
769 1080 885 1141 nutialc
905 1080 1053 1143 nomenoi)
1074 1083 1312 1164 apparechiarse
1333 1084 1394 1145 nlla

344 1189 425 1229 erre.

302 1190 343 1252 gu
387 1249 574 1312 Ordinsndo
609 1248 755 1330 adunque
785 1245 992 1308 Cathncusino
1023 1244 1052 1307 el
1079 1268 1209 1329 campo,
1239 1248 1312 1310 loeo
1341 1250 1394 1312 nel

289 1336 405 1417 primo
425 1354 524 1395 corno
559 1332 591 1393 ln
625 1341 713 1393 sente
732 1330 930 1405 Turchesca,
961 1332 992 1390 in
1026 1327 1127 1391 l'nltro
1157 1331 1189 1392 ln
1208 1336 1396 1416 compagnin

302 1420 469 1495 Ser-vesca,
502 1418 536 1477 in
558 1434 644 1476 meno
667 1413 780 1476 ordino
802 1412 832 1473 ln
853 1410 1050 1474 multitudine
1071 1416 1190 1489 Grecis,
1224 1428 1340 1499 quanto
1362 1420 1395 1477 in

304 1501 376 1583 quel
397 1510 503 1581 tempo
533 1506 658 1581 possete
688 1497 817 1558 mandor
837 1495 867 1556 ln
888 1494 1031 1557 bellicosa
1051 1497 1171 1558 Tracia.
1207 1500 1284 1560 .Cos*1
1306 1502 1396 1562 ordi·

303 1595 380 1646 noto
404 1584 432 1645 el
468 1603 525 1642 suo
546 1584 698 1654 exercito,
734 1578 859 1641 cerulea
885 1598 975 1640 verso
997 1580 1161 1660 Bisantio,
1183 1584 1341 1645 brusando
1366 1594 1398 1645 ct

304 1664 475 1749 ganniendo
494 1675 576 1726 tutte
594 1664 624 1725 le
645 1676 731 1725 terre
750 1676 780 1725 et
802 1661 876 1723 ville
893 1661 932 1723 de
952 1661 1093 1724 Siliverin
1107 1666 1168 1727 fine
1189 1690 1207 1726 a
1219 1668 1397 1727 Constanti·

306 1750 428 1832 nopoli.
470 1748 565 1810 Altro
587 1748 645 1809 che
662 1749 761 1829 pienti
781 1756 813 1807 et
844 1746 970 1806 lementi
992 1766 1054 1807 non
1077 1746 1110 1807 s'e
1130 1748 1240 1813 aldire.
1281 1751 1323 1811 Et
1345 1750 1398 1810 chi

305 1855 384 1895 sono
405 1834 478 1893 stati
499 1831 603 1913 presi?
621 1830 723 1891 Greci.
768 1827 828 1889 chi
848 1828 870 1889 li
882 1828 986 1889 hanno
1005 1834 1107 1911 presi?
1128 1832 1235 1895 Greci.
1275 1834 1335 1893 Chi
1346 1854 1398 1893 so-

305 1937 349 1978 no
370 1918 444 1977 stati
466 1914 487 1976 li
508 1913 628 1975 morti?
660 1916 763 1976 Greci·
812 1911 871 1973 Chi
902 1913 1009 1973 hunno
1038 1918 1187 1975 amnzati?
1218 1917 1323 1977 Greci.
1367 1917 1397 1976 Ο

306 2001 415 2061 Grecia
446 1997 569 2059 infelice
599 2016 656 2079 per
676 1996 707 2057 ln
728 1996 883 2058 discordie
912 1996 950 2057 de
972 1995 994 2055 li
1016 2000 1063 2059 toi
1084 1999 1237 2081 principi,
1257 2000 1401 2061 devesei

306 2084 459 2145 errivntnl
503 2081 643 2142 Essendo
658 2080 865 2142 Cnthncusino
880 2078 930 2140 col
947 2099 1057 2164 campo
1079 2084 1113 2141 zi
1132 2082 1236 2143 vicino
1252 2082 1312 2143 alle
1324 2102 1400 2163 por·

306 2177 340 2229 te
360 2176 392 2228 et
414 2164 462 2225 ale
491 2186 579 2225 mure
598 2164 637 2225 de
656 2161 945 2245 Constantinopoli,
971 2173 1004 2225 et
1025 2164 1168 2226 vedendo
1190 2167 1218 2227 el
1238 2164 1287 2226 bel
1309 2184 1403 2247 paese

307 2249 467 2333 imperiale
500 2259 586 2310 tutto
608 2246 763 2324 dafncw,
799 2246 919 2307 chiamir
932 2245 1033 2327 ⁴quelli
1055 2247 1135 2308 della
1156 2250 1234 2322 eiu,
1257 2259 1289 2308 et
1308 2248 1403 2309 aloro'

308 2355 370 2395 con
386 2334 450 2393 alte
470 2353 550 2393 voce
571 2335 636 2391 cosi
657 2330 809 2414 perlando
831 2330 918 2390 disse.
961 2331 991 2390 0
1012 2329 1152 2406 citudini,
1172 2335 1271 2393 ioeon
1287 2342 1402 2392 veruto

266 2435 373 2489 aenon
394 2416 510 2497 perche
529 2414 623 2475 hubin
644 2409 756 2475 ulcnno
779 2410 875 2474 offeso
903 2413 943 2474 nt
964 2415 1067 2496 voglia
1092 2415 1184 2476 habia
1203 2416 1242 2476 de
1264 2415 1401 2476 offende-

310 2521 361 2576 re,
384 2521 434 2559 mo
464 2497 578 2579 perche
611 2500 663 2559 voi
691 2498 803 2558 havete
825 2496 920 2558 offero
949 2515 997 2556 me
1019 2509 1050 2558 et
1071 2518 1135 2560 non
1157 2511 1271 2560 cessate
1294 2499 1333 2559 de
1356 2497 1400 2560 oi·

312 2581 421 2643 sender
440 2601 499 2641 me.
545 2581 581 2641 ln
602 2600 681 2641 sono
702 2579 914 2640 commissario
938 2579 1183 2644 dedndron'ieo
1206 2583 1316 2642 ultimo
1341 2585 1402 2641 im-

312 2666 464 2748 peradnre
494 2661 653 2724 defuneto.
707 2663 835 2723 Znnnne
855 2659 1067 2746 'Palleologo,
1098 2686 1154 2726 sno
1185 2664 1259 2726 fiolo
1288 2677 1320 2725 et
1341 2665 1404 2724 rnio

313 2747 515 2893 ii’azdddgo’
539 2743 1031 2891 ὲαὲἐοίηᾶεᾞίιξῐίξθΐᾶοέὲάἰῖοῇ
1045 2747 1406 2892 Οωίξειῒηὲΐέεἷοεῐΐέἐῒῖ

313 2937 346 2976 se
366 2916 399 2976 ln
419 2915 462 2975 ho
494 2851 605 2974 voluto
637 2850 766 2996 pigliare
789 2913 849 2993 per
867 2914 931 2973 mio
980 2875 1096 2975 eiier'o?
1139 2915 1206 2976 Non
1227 2925 1331 2974 sancte
1354 2877 1407 2976 voi

313 3008 433 3080 quanto
455 2997 487 3058 io
501 3017 552 3056 era
574 3006 678 3058 amato
700 3006 732 3056 et
742 2995 898 3056 honorato
919 2931 978 3056 dal
992 3017 1046 3058 sua
1067 3005 1181 3080 putre?
1223 2997 1295 3057 Non
1317 3019 1410 3080 sape·

315 3092 345 3142 te
365 3102 425 3142 con
454 3091 570 3162 quante
604 3081 714 3142 fidutia
734 3099 785 3138 me
814 3075 932 3140 lnssavn
956 3078 987 3140 ln
1008 3095 1083 3140 curu
1104 3081 1155 3142 del
1174 3100 1230 3142 suo
1254 3081 1412 3163 imperio,

315 3175 347 3226 et
368 3165 407 3224 de
424 3173 508 3224 tutte
540 3162 570 3223 le
599 3183 654 3224 sue
678 3183 752 3224 cose
770 3181 822 3222 me
842 3162 939 3224 locive
958 3165 1134 3247 participo?
1177 3164 1249 3225 Non
1274 3185 1356 3225 sono
1380 3165 1409 3224 io

316 3245 391 3308 delli
412 3248 551 3328 generosi
581 3257 612 3306 et
633 3245 707 3308 delli
728 3244 866 3306 illustri?
917 3245 988 3306 Non
1010 3267 1088 3328 sono
1112 3247 1143 3308 ic
1163 3248 1218 3328 piu
1242 3247 1410 3308 excellente

319 3331 377 3390 elie
403 3327 497 3410 quelli
518 3329 665 3409 superbi,
689 3328 711 3389 li
732 3327 817 3411 quali
839 3328 868 3390 le
888 3328 1009 3390 richeze
1028 3331 1131 3391 hanno
1152 3331 1308 3390 exaltato?
1342 3332 1408 3392 Non

319 3413 427 3474 vedete
447 3421 564 3492 quanto
587 3433 665 3473 sono
689 3412 773 3473 forte
792 3415 824 3471 in
852 3412 881 3472 le
902 3433 987 3472 orme
1008 3425 1037 3474 et
1060 3416 1089 3474 in
1111 3413 1139 3476 le
1162 3433 1274 3496 guerre
1294 3423 1409 3496 poten·

319 3502 372 3558 te?
393 3493 510 3576 perche
541 3517 590 3556 me
609 3496 810 3576 despreznte?
826 3505 866 3556 et
880 3497 1015 3571 ,maxime
1037 3497 1164 3558 essendo
1185 3497 1239 3558 voi
1262 3497 1302 3557 de
1326 3499 1410 3557 abie-

320 3589 371 3640 ctu
391 3578 569 3638 conditione
590 3589 621 3640 et
640 3578 794 3660 impesteti
810 3577 849 3638 dc
865 3599 979 3662 sangue
995 3581 1184 3647 barbarico?
1204 3591 1235 3641 et
1256 3601 1314 3662 per
1335 3601 1411 3662 que·

320 3674 389 3740 sto,
410 3683 430 3721 o
463 3661 608 3735 citedini,
642 3661 674 3721 io
707 3683 764 3723 son
787 3673 901 3723 venuto
929 3682 993 3723 non
1018 3684 1075 3743 per
1104 3675 1226 3746 guaston
1258 3665 1289 3724 ln
1311 3665 1412 3746 petris

321 3746 404 3808 dove
425 3745 457 3805 io
478 3747 613 3826 nseqni,
647 3763 697 3804 mn
726 3766 783 3826 per
804 3755 936 3807 mostrar
968 3743 998 3804 ln
1019 3745 1147 3808 honesti
1171 3759 1201 3809 et
1222 3746 1252 3807 ln
1277 3748 1410 3819 iustitie,

321 3830 381 3890 che
401 3830 419 3889 ὲ
440 3826 510 3888 dela
530 3838 620 3910 parte
641 3830 714 3890 min.
757 3828 785 3888 A
808 3828 902 3910 quelli
922 3827 979 3889 che
998 3847 1048 3890 me
1069 3829 1173 3893 hanno
1195 3830 1310 3903 offeso,
1332 3834 1418 3892 tutte'

322 3911 352 3974 le
375 3912 492 3972 innurie
523 3911 718 3993 perdonare3
753 3911 848 3994 quelli
879 3911 937 3973 che
964 3931 1043 3973 sono
1084 3916 1156 3975 stati
1184 3915 1349 3987 inzuriati,
1372 3915 1413 3973 ri·

322 4015 513 4077 conpensare
541 4012 598 4055 con
629 3995 720 4055 imei
741 3995 867 4058 theseri.
916 3995 967 4056 Hc
990 3997 1021 4056 in
1053 4000 1156 4060 animo
1178 3998 1311 4059 indnrre
1331 3999 1364 4056 in
1382 3995 1413 4056 la

322 4079 383 4137 citi
413 4098 478 4138 uno
510 4088 593 4140 stato
613 4078 740 4160 pacifico
772 4090 803 4139 et
825 4079 943 4160 quieto.
994 4080 1039 4140 Et
1061 4101 1096 4141 se
1119 4103 1183 4162 pur
1203 4091 1314 4142 vorete
1332 4091 1414 4140 stare

323 4159 393 4220 duri
415 4171 446 4218 et
488 4162 632 4239 ertinnci,
654 4183 712 4224 con
739 4161 768 4222 la
790 4161 916 4224 voluntis
938 4161 977 4222 de
1000 4163 1053 4224 dio
1075 4185 1168 4245 sopra
1190 4167 1267 4225 tutti
1288 4166 1346 4226 voi
1364 4166 1418 4223 me*

323 4181 504 4304 vendicari.
524 4247 636 4326 Aprite
657 4243 687 4307 le
706 4255 817 4329 porte:
839 4243 918 4306 ch’io
939 4265 977 4307 ve
998 4267 1072 4308 niro
1093 4269 1152 4330 per
1162 4247 1290 4310 Christo
1313 4247 1413 4329 impe·
