3075 4825
271 880 315 996 '⁶⁴

279 2607 313 2661 65

322 333 405 419 382
691 358 830 425 onear
854 358 1050 425 maronia
1080 397 1085 405 -

321 514 430 577 nano.
472 508 514 573 Et
533 524 620 573 come
641 528 683 573 un
703 511 773 574 foco
793 512 964 597 lampcaavr
987 516 1020 576 in
1042 526 1127 575 moro
1147 513 1176 579 el
1196 515 1281 596 ciclo,
1302 520 1382 582 latre

323 598 379 658 elne
401 616 433 657 ae
461 597 628 656 iernninave
655 604 738 656 sotto
755 596 924 659 l'oriaonte.
975 600 1093 675 Questo
1113 620 1203 681 regno
1226 600 1302 662 hano
1317 606 1383 665 alato

321 679 482 756 l’lndinni,
505 678 631 756 Caldel‚.
649 678 782 762 Egiptii,
802 680 921 760 Frigii,
946 682 1051 754 Persi,
1074 693 1107 743 et
1125 682 1217 765 quelli
1237 683 1290 744 elne
1308 685 1384 747 habi-

323 774 397 823 tano
420 761 449 822 la
471 760 544 823 Asia
565 763 700 840 minore,
725 764 971 837 Trnci‚·-Unni‚
993 765 1139 843 Dalmati,
1162 764 1238 843 ltali,
1259 768 1383 849 Hispani,

323 846 498 920 Germani,
528 854 559 904 et
589 866 621 905 ae
650 843 759 907 alcune
791 849 986 928 generatione
1005 848 1153 909 habitano
1174 847 1252 909 oltra
1269 848 1297 910 le
1317 854 1386 913 orde

322 928 372 989 del
395 926 513 1012 grande
540 948 683 993 occeano.
737 930 828 990 Doro
858 942 964 1010 questo
992 930 1117 991 orribile
1137 942 1254 993 moatro
1271 954 1320 1014 per
1336 934 1386 996 line

321 1011 544 1093 al'equinoctio.
586 1012 694 1090 Queati
717 1032 793 1073 eono
812 1011 834 1073 li
856 1010 993 1073 miraculi
1020 1014 1060 1074 de
1082 1014 1166 1075 l’alto
1187 1014 1256 1094 dio,
1275 1017 1328 1077 eho
1343 1040 1385 1077 ao-

320 1114 420 1155 merae
437 1092 582 1155 ¹Faraone
601 1114 659 1155 con
683 1096 710 1156 le
739 1096 824 1156 sorae
842 1097 916 1155 d¹un
931 1096 1009 1156 altro
1031 1097 1183 1176 Faraone,
1205 1110 1235 1159 et
1254 1098 1299 1159 col
1316 1120 1386 1160 mero

320 1177 370 1240 del
391 1180 523 1239 Tartaro
551 1178 592 1239 ha
611 1177 763 1240 indutiato
784 1179 813 1240 le
831 1182 1041 1262 persecutione
1066 1180 1099 1241 di
1120 1182 1350 1244 Tarchioootra
1367 1184 1385 1245 li

362 1262 425 1323 veri
442 1264 545 1327 Greci.

319 1280 359 1343 P⁰
383 1344 550 1405 ‘Abtando
570 1346 665 1405 inteso
696 1343 725 1404 el
746 1342 880 1406 Tartaro
901 1344 923 1405 li
940 1346 1116 1407 mortimenti
1138 1346 1179 1407 de
1200 1346 1343 1419 Pelorida,
1361 1345 1385 1406 la

321 1446 391 1489 aera
412 1425 478 1490 sec'e
508 1427 557 1488 ser
586 1428 672 1489 eride
690 1447 748 1510 per
774 1428 876 1489 tutto’l
896 1448 1005 1511 campo
1024 1429 1083 1490 elne
1104 1428 1133 1489 la
1154 1434 1268 1490 matina
1285 1434 1345 1490 tntti
1361 1450 1388 1489 re

320 1520 495 1577 trovassem
530 1509 685 1571 acavallo
720 1511 753 1570 in
773 1531 858 1571 arme
878 1530 933 1593 per
957 1512 1159 1576 combattere.
1200 1514 1242 1575 Et
1260 1513 1300 1574 lui
1318 1511 1387 1574 levr-

319 1596 378 1661 toai
398 1594 507 1660 al'alba
526 1592 645 1655 ordeni>
665 1594 737 1655 tutti
758 1590 781 1653 li
801 1595 930 1675 principi
951 1594 1031 1656 delle
1053 1595 1195 1673 eelniere,
1216 1597 1238 1657 li
1256 1598 1387 1657 centurio-

320 1686 352 1745 ni
373 1692 403 1743 et
423 1683 446 1743 li
477 1677 650 1739 chiliarchi.
693 1674 749 1736 Nel
769 1696 867 1737 corno
890 1678 997 1739 dextro
1016 1679 1080 1741 secr
1097 1680 1239 1761 capitano
1259 1680 1287 1740 el
1304 1681 1384 1762 prino

321 1768 352 1826 di
373 1768 418 1825 eoi
453 1760 575 1847 dglioli,
597 1760 628 1821 in
662 1758 694 1821 lo
715 1760 842 1821 sinistro
861 1781 917 1821 auo
939 1771 1071 1845 nepote,
1095 1763 1209 1844 perche
1228 1764 1325 1824 Demir
1343 1782 1385 1821 ora
1472 1757 1473 1836 l

320 1849 360 1910 de
382 1848 474 1910 etade
493 1846 532 1907 de
552 1846 624 1905 anni
647 1842 717 1904 Lx.
769 1844 814 1905 Et
834 1844 977 1905 ordinato
998 1844 1026 1905 el
1045 1866 1101 1906 auo
1120 1866 1250 1929 eampo,
1269 1846 1325 1906 eorl
1344 1866 1385 1905 eo·
1472 1851 1473 1868 ¹

321 1931 454 2007 mando,
478 1928 625 1990 dicendot
658 1928 688 1987 O
712 1929 890 2009 commui,
919 1928 978 1989 che
1007 1949 1062 2010 per
1083 1939 1170 1990 tante
1189 1931 1331 2011 provintie
1346 1941 1386 1988 nne

319 2014 430 2077 havete
455 2015 606 2095 aequitate
637 2032 691 2094 per
726 2020 871 2073 trovarve
891 2032 909 2073 a
930 2022 1037 2093 questa
1056 2011 1239 2095 desyderata
1256 2009 1383 2094 hataglia!

321 2118 341 2159 o
360 2099 494 2158 exercito
523 2096 662 2157 invicto!
693 2106 843 2155 onetura
863 2093 1078 2155 adamantina!
1098 2118 1119 2154 o
1139 2116 1230 2157 muro
1249 2095 1386 2156 fernoto
1472 2101 1473 2148 1

320 2180 518 2263 generatione
534 2177 762 2261 incaptivabilel
808 2177 926 2238 Havete
945 2178 1042 2239 inteao
1062 2177 1084 2238 li
1106 2180 1181 2239 facti
1200 2180 1275 2241 clari
1293 2179 1321 2240 di
1339 2198 1385 2237 no-

322 2265 378 2325 stri
399 2264 528 2342 maneri,
550 2282 612 2323 non
633 2265 665 2321 in
687 2264 773 2340 an,
795 2259 906 2342 perche
925 2260 1027 2341 quella
1046 2263 1065 2321 e
1087 2273 1197 2325 nostra
1217 2263 1329 2345 patria,
1346 2278 1386 2319 ma
1472 2277 1473 2308 l

323 2346 356 2408 io
377 2347 514 2430 Europa,
537 2349 569 2407 in
591 2346 700 2429 Lybie,
723 2355 754 2405 ct
778 2364 833 2427 per
854 2343 904 2405 dir
926 2344 1140 2423 brenemente‚
1162 2348 1195 2407 in
1212 2356 1276 2407 tuta
1294 2344 1321 2405 la
1337 2354 1386 2403 ter-
1472 2381 1473 2406 n

321 2445 369 2492 ra.
414 2431 531 2492 Havete
558 2432 657 2490 inteso
683 2428 705 2490 li
725 2426 941 2512 preclarissimi
969 2430 1044 2510 gesti
1066 2428 1105 2490 de
1125 2431 1226 2491 Xerse
1244 2441 1275 2491 et
1293 2427 1385 2488 Arthe-

323 2533 407 2574 xerse
444 2524 552 2574 contre
572 2513 593 2572 li
615 2513 726 2584 Greci,
762 2512 819 2573 clre
836 2510 947 2572 ¹forono
967 2513 1032 2572 arei
1051 2523 1083 2573 et
1103 2514 1230 2574 semidei
1249 2517 1280 2574 io
1299 2521 1387 2594 quem
1472 2540 1473 2575 ;

323 2595 447 2661 mondo.
488 2597 540 2655 Ma
560 2595 659 2676 questi
679 2595 794 2655 Turelni
817 2615 904 2655 mezo
925 2595 1046 2656 barbari
1066 2595 1118 2656 clai
1138 2596 1259 2658 credete
1277 2597 1321 2656 voi
1340 2592 1385 2653 che
1472 2604 1473 2685 ζ

322 2678 430 2738 aiano?
471 2677 556 2738 Sono
576 2697 662 2738 come
680 2678 796 2738 locuste
821 2676 870 2737 ala
889 2678 966 2739 sacia
989 2678 1021 2738 di
1042 2676 1133 2740 leoni.
1176 2681 1212 2740 lo
1232 2700 1268 2743 ve
1286 2675 1386 2738 ricorde
1472 2702 1473 2727 n

321 2770 429 2844 queste
457 2780 524 2821 cose
557 2781 620 2822 non
646 2781 701 2842 per
731 2760 939 2841 confertam,
972 2761 1082 2842 perche
1111 2760 1143 2821 la
1164 2763 1255 2845 preda
1284 2763 1342 2820 eia
1361 2756 1385 2816 le
1472 2818 1473 2823 ,

322 2855 425 2905 nostre
453 2864 560 2918 mane,
592 2865 642 2904 rna
673 2843 783 2902 azoche
805 2853 912 2925 questo
933 2843 1168 2905 mormolichioo
1187 2846 1305 2918 (Latine
1318 2861 1387 2902 mos·
1472 2890 1473 2923 5

321 2929 437 2999 clara)
456 2948 519 2988 non
541 2926 610 2988 luza
631 2926 699 2987 dale
717 2936 821 2987 nostre
842 2947 949 3004 mane,
970 2948 1020 2989 ma
1033 2928 1077 2988 eia
1094 2947 1171 2989 sano
1189 2939 1222 2990 et
1239 2928 1326 3003 salvo,
1342 2922 1385 2983 ard
1472 2926 1473 2997 3

382 3011 478 3071 tendo
499 3007 602 3093 quello
621 3012 653 3069 in
668 3009 770 3070 Persia
794 3013 865 3070 vivo
885 3007 1067 3091 elposaamo
1086 3021 1234 3074 mortrare
1249 3010 1289 3072 ali
1307 3005 1384 3069 nocui

321 3029 448 3175 ξέἷίοἰὶ,
470 3102 501 3153 et
517 3091 729 3178 amagistrarlo
764 3091 823 3153 clre
842 3095 895 3175 piu
917 3115 981 3153 non
1002 3113 1043 3154 ne
1062 3113 1211 3156 aconrnre
1229 3116 1284 3178 per
1301 3092 1327 3153 la
1341 3109 1385 3149 no·
1472 3112 1473 3117 ¹

322 3185 386 3237 atre
407 3175 565 3258 mogliere.
615 3178 730 3256 Questo
758 3173 826 3236 loeo
851 3175 966 3258 grande
994 3188 1026 3237 et
1084 3187 1206 3249 utente,
1235 3177 1282 3238 ool
1301 3181 1386 3235 monta

322 3259 380 3320 ohe
399 3257 439 3317 ali
458 3259 528 3319 ochi
547 3261 644 3320 vostri
667 3279 699 3320 se
723 3255 897 3332 demetra,
922 3257 1025 3341 voglio
1044 3197 1103 3321 ele
1120 3261 1174 3322 dal
1194 3271 1298 3322 nostro
1316 3276 1385 3316 extr·

322 3345 384 3402 cito
403 3343 448 3402 aia
480 3342 667 3404 circundata.
699 3338 729 3401 el
750 3361 845 3404 corno
867 3343 972 3403 dextro
990 3343 1070 3405 vada
1087 3343 1128 3404 ad
1149 3343 1245 3408 modo
1263 3343 1299 3405 de
1314 3355 1385 3401 onero

322 3423 434 3484 cercho
454 3421 583 3502 falcato,
605 3433 636 3486 et
664 3423 845 3487 aimilmente
877 3425 907 3488 el
926 3445 1021 3486 corno
1039 3428 1176 3488 ainiatro.
1195 3438 1226 3488 et
1245 3425 1321 3487 l'nno
1336 3441 1385 3482 coo

324 3507 421 3568 l'altro
448 3527 543 3567 corno
572 3527 604 3568 se
630 3506 767 3568 habiano
780 3531 800 3570 a
819 3529 1023 3586 conzunaere,
1045 3521 1076 3569 et
1099 3511 1211 3571 dentro
1228 3508 1278 3570 dal
1296 3515 1384 3568 centro

322 3586 345 3649 ll
364 3591 458 3649 nostri
482 3590 594 3650 inimici
618 3609 705 3651 come
725 3591 792 3652 lere
811 3593 948 3655 ailveatre
972 3611 1160 3672 remangano
1178 3603 1296 3657 senate.
1312 3590 1385 3652 Pait-

321 3671 383 3731 aith
403 3670 513 3733 d’altm
546 3683 636 3734 canto
663 3672 693 3732 al
722 3671 810 3735 lever
830 3673 879 3736 del
897 3675 961 3736 aole
990 3674 1107 3736 ordeni)
1126 3676 1157 3736 le
1177 3696 1232 3737 aue
1250 3675 1384 3745 centeni

323 3755 472 3814 comendo
500 3755 558 3816 che
586 3755 610 3816 li
639 3757 851 3835 instormenti,
887 3759 971 3839 regni
992 3757 1186 3840 batagliesclni
1205 3759 1244 3820 de
1261 3756 1383 3825 Bellona,

322 3839 394 3897 tutti
423 3859 480 3898 con
515 3837 645 3901 orribile
665 3859 742 3900 voce
769 3858 941 3901 sonasseno.
984 3840 1128 3902 Aldendo
1149 3842 1290 3923 adunque
1307 3838 1326 3898 li
1342 3833 1383 3894 dvi

323 3919 444 3980 exerciti
475 3921 531 3984 che
553 3925 703 3984 venivano
732 3925 816 3983 citati
836 3923 885 3984 ala
905 3921 1058 4004 bangia,
1079 3925 1161 3984 l'uoo
1180 3935 1282 3986 contra
1301 3917 1382 3982 t'altro

324 3997 375 4094 nel
397 4005 585 4087 principiae
606 4003 703 4088 piccol
724 4025 811 4086 passo
841 4027 875 4066 sc
893 4023 1047 4089 moaaeno;
1069 4011 1119 4089 poi
1142 4030 1200 4068 con
1222 4003 1383 4068 ferocissimo

324 4093 438 4162 mpetu
458 4105 490 4145 se
510 4099 666 4150 nnarono.
709 4090 744 4149 Li
765 4089 887 4149 Tartari
907 4111 995 4150 aenea
1018 4110 1093 4152 voce
1113 4102 1144 4151 et
1160 4111 1248 4152 aenea
1267 4100 1377 4150 remorer

325 4179 410 4224 ⁰⁰¹¹1e
430 4165 578 4233 sormiche
604 4172 749 4246 sollicite,
778 4193 811 4233 ae
839 4175 1060 4240 exercitavano.
1101 4175 1153 4235 Ma
1170 4174 1192 4235 li
1210 4169 1320 4233 Turclri
1334 4181 1380 4224 ⁰0⁰

327 4261 403 4305 voce
422 4256 452 4307 et
471 4250 549 4310 ccidi
567 4255 666 4316 tutto’l
685 4255 761 4318 cielo
790 4253 944 4339 implendo
965 4255 1016 4319 nel
1038 4259 1137 4340 primo
1155 4255 1293 4325 condicto
1311 4245 1381 4314 τὼ·
