3075 4825
341 326 503 436 natica
535 328 789 392 infensam
824 327 1014 393 taenaro,
1146 300 1232 417 359

148 482 293 545 stantino.
337 480 383 541 La
402 480 446 541 im
520 478 597 542 trine
618 500 679 541 con
697 480 813 564 mode
828 500 954 543 remore
974 492 1005 543 et
1025 480 1161 547 tnnrulto
1180 490 1232 550 del

147 564 264 648 popolo
293 562 375 625 intrh
408 584 429 623 n
478 585 554 646 gran
582 563 701 645 palazo.
743 565 787 625 Nc
808 566 912 646 prima
932 564 1013 627 cessi)
1035 565 1065 625 la
1085 566 1132 627 ira
1151 568 1232 632 della

147 649 268 710 turbata
300 644 500 708 multitudine
526 646 584 707 che
605 646 742 708 neonem
763 648 839 709 tutti
857 647 880 709 li
899 648 1080 729 prexoneri,
1100 664 1231 735 excepto

144 732 203 805 sei,
226 728 280 793 nel
308 739 428 793 sacrato
448 728 568 811 tempio
596 729 636 791 de
656 730 884 805 Constantino,
910 729 960 791 nel
983 732 1074 817 quale
1094 732 1105 791 i
1128 736 1232 799 miseri

145 813 301 897 pensando
330 812 462 876 salvasse
490 813 630 874 hebbero
657 812 778 875 infelice
803 836 940 879 recorso.
989 816 1042 876 Ma
1069 817 1122 879 aab
1156 820 1233 881 ch’el

214 908 269 959 ato
291 895 332 958 de
352 896 462 959 Romei
492 893 620 959 davanti
640 918 659 957 a
679 896 734 958 (lio
762 896 843 959 fosse
865 897 1098 981 irremissibile,
1117 898 1231 965 immo.

143 918 252 1042 lirino
274 977 377 1063 quelle
398 979 524 1041 victime
546 980 714 1041 innocente
732 978 783 1041 nel
805 1002 863 1043 sno
886 992 1008 1044 sacrato
1028 984 1158 1065 templo,
1177 986 1231 1049 dio

144 1085 205 1124 non
226 1073 409 1146 acceptante
431 1063 580 1125 sacrificio
601 1064 641 1123 de
667 1084 782 1145 sangae
799 1063 948 1127 hnmano.
993 1066 1096 1143 Quelli
1115 1068 1158 1128 sei
1176 1068 1233 1132 che

143 1146 303 1208 dioessimo
323 1168 387 1207 non
410 1168 491 1208 esser
514 1146 588 1207 stati
608 1146 722 1221 morti,
756 1166 789 1207 ee
810 1168 950 1210 ascosero
973 1150 1004 1210 in
1024 1146 1110 1209 lochi
1131 1170 1231 1214 secre-

143 1229 252 1291 tissimi
271 1228 375 1291 sotto’l
394 1229 532 1311 tempio,
566 1239 599 1290 et
617 1229 721 1291 vestiti
742 1228 799 1311 poi
820 1240 904 1293 veste
926 1232 967 1292 da
987 1230 1099 1294 caloiri
1118 1234 1231 1295 nascie-

142 1334 222 1374 rono
252 1310 304 1373 del
332 1312 524 1374 monasterio
545 1312 585 1374 de
613 1312 842 1391 Constantino,
871 1324 901 1375 et
917 1336 1085 1397 passarono
1115 1315 1232 1379 al'altra

142 1407 251 1477 parte,
274 1405 307 1456 et
325 1395 460 1477 seperati
480 1394 564 1457 l’nno
585 1394 725 1459 dal'altro
743 1395 907 1458 andarono
928 1408 1017 1481 parte
1038 1399 1070 1459 in
1088 1398 1232 1483 Bithynia

142 1488 173 1539 et
192 1490 284 1561 parte
306 1478 338 1539 in
357 1478 430 1540 altr
477 1509 482 1522 ·
509 1502 528 1539 o
547 1477 587 1539 de
604 1477 735 1557 levante,
757 1500 816 1541 ove
838 1478 861 1540 il
882 1500 939 1543 suo
960 1482 1025 1543 lato
1048 1480 1070 1541 li
1089 1504 1231 1547 menaea.

142 1561 183 1621 Di
197 1562 282 1645 quali
303 1527 636 1648 unofpaterno
652 1562 748 1625 demi
762 1563 909 1645 scriptor,
934 1563 961 1626 el
984 1562 1076 1649 quala
1093 1584 1126 1627 ee
1147 1564 1233 1627 chia·

144 1666 231 1706 mava
253 1644 366 1706 hlichel
407 1654 525 1724 lanea,
559 1646 681 1708 desceso
702 1646 765 1709 deli
796 1648 919 1731 antiqui
938 1646 1041 1709 Duchi
1062 1648 1101 1710 de
1120 1650 1230 1723 Greci,

142 1726 180 1788 de
200 1728 401 1811 philosophia
420 1730 503 1792 etde
523 1729 597 1813 ogni
626 1730 779 1813 sapientia
796 1729 901 1813 piano.
945 1730 985 1793 El
1007 1730 1081 1814 qual
1102 1752 1232 1813 passan.

140 1809 181 1871 tlo
199 1815 232 1871 in
254 1812 324 1873 Asia
344 1833 403 1894 per
423 1810 453 1871 la
470 1812 587 1889 Fonia,
608 1834 739 1895 persua
758 1824 889 1875 ventura
910 1832 942 1875 se
959 1814 1084 1875 scontri)
1106 1814 1138 1875 in
1154 1818 1231 1877 lesse

138 1892 169 1955 nl
190 1893 266 1955 fiolo
285 1896 325 1956 de
346 1894 458 1972 Athis3
480 1894 509 1955 al
528 1894 622 1990 ‹puale
641 1896 805 1957 manifesth
826 1906 907 1957 tutte
935 1896 966 1957 le
995 1918 1067 1957 cose
1088 1896 1229 1961 intrave-

137 1986 215 2037 nute
233 1975 267 2035 in
293 1976 325 2037 la
354 1976 415 2037 cita
445 1976 616 2073 imperiale.
666 1980 711 2039 Et
730 1977 843 2060 perche
874 1999 926 2039 era
946 1978 1048 2040 molto
1068 1982 1231 2043 excellente

140 2059 223 2119 nelle
243 2068 313 2121 arte
341 2068 373 2119 et
401 2060 497 2120 stndir
520 2058 669 2141 litterali,
689 2082 756 2121 non
777 2059 948 2123 solamente
967 2060 1046 2121 della
1066 2083 1138 2123 cose
1157 2085 1230 2146 paa-

136 2151 203 2203 sate
232 2140 266 2201 di
286 2140 379 2203 Greci
406 2140 432 2202 li
452 2143 533 2204 dara
561 2153 645 2204 certa
663 2142 792 2219 notitia,
824 2165 875 2202 ma
896 2144 993 2205 anche
1014 2143 1043 2203 li·
1059 2144 1231 2207 vaticinare

136 2226 167 2287 le
200 2246 274 2287 eoae
303 2226 426 2304 future,
453 2246 542 2288 come
562 2225 641 2308 perii
671 2225 791 2307 peccati
812 2225 845 2287 di
867 2226 958 2287 Greci
987 2227 1122 2288 defuncti
1143 2239 1174 2288 et
1193 2228 1274 2299 deul

159 2307 234 2371 nelli
256 2308 314 2371 che
334 2330 432 2370 ancor
458 2309 609 2386 vincano,
644 2308 897 2391 permectendolo
917 2308 1084 2371 l’altissimo
1106 2309 1178 2387 dio,
1200 2308 1230 2371 la

137 2332 272 2467 lllracia,
293 2392 325 2454 la
345 2391 446 2476 lllisya
475 2403 507 2455 et
525 2402 608 2454 tutta
627 2390 658 2454 la
680 2391 791 2456 Greoia
812 2392 845 2454 in
866 2413 948 2474 poco
963 2403 1074 2475 'tempo
1097 2394 1230 2456 cazaria-

139 2495 181 2536 no
201 2485 287 2538 sotto
305 2475 459 2559 l'imperio
480 2476 513 2538 di
531 2476 670 2553 Tarchi,
692 2498 781 2538 come
802 2477 831 2538 el
849 2495 974 2537 sermon
998 2488 1103 2538 nostro
1127 2478 1230 2537 avanti

139 2557 179 2619 ha
197 2569 369 2620 mostratoc
395 2560 424 2621 el
448 2570 562 2643 tyrano
588 2571 767 2622 veramente
799 2568 948 2621 rezevette
971 2559 1121 2620 Michaele
1141 2562 1231 2622 Duca

139 2642 236 2705 molto
269 2643 573 2722 honorificamente,
605 2643 828 2726 acceptandolo
861 2641 921 2702 alla
950 2661 1006 2702 sna
1028 2641 1230 2724 provisione,

140 2735 169 2785 et
188 2725 298 2807 poselo
324 2725 357 2786 in
386 2725 513 2810 Epheso
531 2747 591 2788 con
621 2725 752 2788 honesta
774 2723 1026 2804 conditione31a
1047 2725 1121 2808 qual
1142 2725 1230 2788 volse

139 2809 194 2870 che
212 2823 381 2891 acceptasse
400 2832 457 2893 per
474 2830 530 2870 sua
551 2809 653 2892 patria
680 2821 713 2871 et
733 2831 790 2871 sna
810 2807 1006 2869 habitatione
1026 2827 1086 2889 per
1109 2808 1183 2870 tutti
1205 2809 1229 2870 li

139 2892 211 2952 anni
228 2891 300 2954 dela
319 2897 385 2954 vita
405 2917 469 2958 sua.
512 2893 642 2955 Zuanne
659 2892 875 2968 Cathacusino,
897 2889 1055 2952 habiando
1078 2891 1179 2952 inteso
1198 2890 1229 2952 la

141 2973 251 3038 iniusta
280 2987 312 3038 et
337 2976 502 3059 nephanda
531 2976 688 3038 occisione
708 2977 770 3039 deli
795 2975 918 3058 parenti
937 2986 967 3036 et
989 2973 1080 3034 amici
1100 2973 1171 3051 soi,
1195 2983 1229 3036 et

139 3058 207 3120 altri
236 3081 303 3120 non
328 3059 443 3142 piceoli
466 3081 597 3121 nanneno
618 3058 705 3121 nsliti
726 3057 808 3122 della
828 3059 912 3120 cina
939 3056 1047 3118 venuti
1072 3056 1113 3117 ad
1135 3077 1227 3119 reco-

138 3143 299 3204 rnandnrse
319 3165 337 3203 a
358 3141 427 3222 lui,
449 3152 649 3204 consternato
673 3153 704 3203 et
730 3141 915 3204 contristato
940 3149 1151 3202 amaramente
1171 3140 1227 3202 de-

140 3225 226 3306 ploro
248 3225 282 3288 le
299 3237 401 3288 morte
419 3224 544 3288 crndele
564 3237 595 3286 ct
616 3225 713 3308 impie
730 3225 804 3286 delli
826 3227 874 3287 soi
900 3221 1062 3286 necessarii
1092 3234 1123 3284 et
1149 3243 1228 3305 pro.

138 3308 246 3393 pinqni
278 3331 337 3391 per
367 3330 423 3372 sna
450 3330 559 3371 tasone
590 3307 825 3392 indegnamente
852 3307 955 3370 uceisi.
1006 3306 1110 3388 Dapoi
1133 3305 1228 3388 pochi

139 3395 222 3452 zorni
245 3393 313 3454 seee
332 3393 439 3454 venire
459 3393 488 3454 al
505 3415 563 3454 sno
584 3399 755 3474 conspecto
777 3391 850 3453 tutti
872 3389 968 3475 quelli
986 3389 1042 3452 che
1058 3389 1139 3450 della
1155 3389 1231 3449 sitta

139 3475 224 3535 nasiti
243 3476 388 3538 haveano
411 3477 529 3538 havnto
545 3498 563 3536 a
577 3474 621 3538 lui
637 3475 786 3556 confugio
798 3485 828 3536 et
840 3495 984 3547 recurso;
1008 3484 1039 3534 et
1055 3472 1126 3534 data
1145 3493 1162 3531 a
1177 3468 1229 3532 lo-

139 3577 175 3617 ro
195 3561 287 3642 copia
306 3559 346 3620 de
364 3560 436 3656 quel
461 3560 518 3621 che
538 3560 699 3621 volesseno
722 3557 920 3620 liberamente
939 3555 1086 3640 parlare,
1111 3575 1175 3614 uno
1197 3552 1229 3612 di

138 3639 192 3721 piir
212 3641 384 3703 venerabili
404 3643 469 3705 cosi
501 3642 642 3704 cominzh
669 3663 688 3702 a
709 3640 794 3702 dire:
826 3641 866 3702 Se
886 3641 941 3704 noi
964 3661 1028 3701 non
1048 3637 1229 3698 havessarno

139 3725 363 3807 cognoscinto,
390 3725 638 3788 excellentissimo
661 3724 740 3786 duca
760 3736 792 3786 et
811 3723 918 3810 signor
937 3733 1062 3797 nostro,
1085 3721 1113 3780 la
1135 3739 1229 3801 gran.

140 3804 177 3866 de
197 3809 322 3872 virtuale
352 3818 385 3870 et
409 3810 562 3891 sapientia
593 3818 649 3869 tua
669 3827 727 3890 per
745 3807 774 3868 le
797 3829 892 3892 opere
913 3819 943 3870 et
963 3803 1131 3867 clarissime
1152 3801 1230 3883 gesti

139 3890 182 3949 toi
202 3893 252 3953 nel
273 3902 381 3975 tempo
402 3893 461 3954 che
478 3891 649 3975 governavi
671 3891 824 3972 l'imperio
847 3893 885 3952 de
907 3889 1007 3964 Greci,
1030 3885 1230 3946 meritamen-

141 3979 171 4032 te
191 3975 376 4056 potressimo
406 3975 553 4038 dubitare
579 3975 637 4036 che
660 3974 690 4035 la
722 3975 866 4036 oratione
884 3973 963 4033 della
983 3968 1100 4031 bonaha
1122 3979 1230 4029 nostra

141 4073 202 4115 non
221 4061 299 4120 seria
317 4059 486 4122 sufficiente
504 4059 544 4121 ad
568 4058 740 4141 exprimere
759 4056 790 4118 la
811 4057 940 4118 honesta
963 4051 1042 4114 della
1059 4073 1148 4114 cansa
1170 4071 1229 4112 no-

142 4147 221 4215 stra,
244 4143 275 4203 la
295 4143 472 4204 innocentia
492 4142 572 4204 delle
592 4145 693 4203 anime
714 4150 840 4212 nostre,
868 4137 896 4198 ln
915 4136 1083 4217 iniustitia,
1105 4135 1133 4196 la
1156 4155 1229 4196 crn-

142 4219 252 4308 delitlt,
274 4225 297 4289 li
318 4225 494 4291 tradimenti
525 4225 599 4292 delli
619 4222 789 4288 adversarii
816 4221 929 4284 nostri.
971 4223 1022 4282 Ma
1043 4217 1229 4284 intendendo
