3075 4825
399 237 484 351 598
838 262 1053 331 emittm

395 422 544 481 sanitatem
564 416 730 481 meditatus
756 427 820 490 est,
855 428 887 481 et
904 418 1053 480 Graecam
1074 412 1238 477 oocluism
1258 432 1339 475 cum
1354 414 1453 475 Rea·

395 506 428 565 iu
460 506 591 585 qratiam
612 502 714 565 redire
733 500 896 583 cupiebat,
927 510 962 564 ut
981 520 1136 563 summam:
1151 496 1337 580 pontificem
1356 499 1454 559 lat'n

394 606 620 747 ididem
669 580 1457 750 sssriddiiiiffiiiidassiifissffi

395 774 503 897 {tt
521 772 564 895 it
577 750 1208 913 trti⁰t⁶0itt⁰tttittitffi
1229 748 1461 893 {iffi-⁰3

395 939 452 998 sc,
479 930 511 979 et
536 918 674 979 saeviisse
701 917 735 979 in
764 917 892 981 Latinos
920 916 1114 977 acerbissimo
1141 914 1217 975 odio
1239 914 1425 989 orie-ute,
1441 936 1462 973 a

394 1003 463 1081 ipso
483 1002 694 1063 &ancarano
713 1010 847 1063 constat.
878 997 930 1061 ille
950 1000 1031 1060 enim
1052 995 1092 1059 de
1112 997 1277 1079 Apocnuci
1300 997 1461 1078 patum

394 1086 454 1145 viri
478 1082 563 1145 maiis
584 1083 702 1145 artibus
721 1082 914 1160 disserendo,
938 1082 1037 1144 tradit
1056 1080 1147 1141 istum
1168 1079 1209 1141 ad
1234 1100 1393 1141 summan
1408 1100 1461 1161 pua·

394 1167 506 1228 tificem
539 1166 739 1248 imperatricis
771 1167 878 1227 Annae
908 1166 1034 1227 nornine
1061 1184 1159 1247 eaque
1187 1164 1294 1223 inscia
1325 1165 1459 1243 animine

394 1250 505 1331 quibus
534 1254 623 1311 hona
653 1250 847 1311 Orientaiem
874 1248 1032 1311 ecclesiam
1057 1246 1215 1307 Romanae
1258 1246 1460 1307 restituebate

434 1353 492 1413 pne
519 1332 721 1395 iurisdictioni
750 1332 942 1395 subiiciebat.
972 1352 1038 1393 rem
1065 1332 1146 1391 serio
1173 1328 1227 1409 agi
1256 1348 1410 1411 verasque
1423 1350 1460 1388 aa

393 1354 513 1477 iiiam
533 1436 694 1496 persuasus
716 1416 849 1498 pontifex
871 1415 911 1477 ad
932 1414 1056 1475 Annam
1083 1412 1252 1473 rescribite
1279 1411 1326 1473 de
1346 1424 1405 1473 tan
1419 1433 1460 1471 n·

392 1508 445 1557 cto
471 1500 626 1580 proposito
661 1520 728 1560 earn
756 1496 884 1576 laudat,
913 1496 1116 1577 hortaturque
1133 1505 1169 1555 ut
1189 1497 1225 1556 in
1248 1516 1290 1554 eo
1313 1504 1460 1577 parerat.

392 1580 545 1661 pontificis
565 1582 684 1643 litterae
706 1582 873 1664 Apoeanco
894 1580 1032 1643 redditae
1059 1590 1150 1652 sunt,
1172 1598 1256 1661 quas
1279 1580 1369 1660 apud
1387 1601 1418 1639 se
1431 1600 1460 1638 rs

392 1664 546 1739 cuitabat,
577 1664 720 1725 adversus
748 1665 870 1725 Annam
901 1662 937 1723 in
966 1664 1098 1745 medium
1127 1660 1194 1723 ilias
1228 1660 1462 1733 adducturas‚s

391 1766 460 1806 cam
479 1746 644 1809 abhorrere
663 1768 680 1807 a
704 1748 848 1828 coniugio
868 1746 1014 1807 iohannis
1043 1744 1250 1826 imperatoris
1267 1754 1307 1805 ct
1327 1746 1404 1805 filiae
1419 1764 1462 1805 sus

391 1831 543 1906 sensisset,
564 1832 595 1890 in
617 1829 775 1911 publicum
794 1830 942 1912 siquidem
963 1830 1114 1911 pontificis
1128 1828 1244 1889 litteris
1264 1828 1361 1889 editis
1378 1828 1462 1889 eia·
1494 1896 1495 1899 Ἴ

393 1911 593 1993 Cpoiitauusn
622 1910 803 1995 plebemque
834 1916 865 1974 in
894 1914 1016 1973 Annam
1043 1911 1276 1973 concitaturum
1300 1933 1337 1972 se
1356 1912 1462 1983 adeius,
1495 1912 1496 1943 ¹

393 1994 500 2077 iiiique
520 1996 712 2057 ecelesiarum
732 1998 840 2057 unioni
865 1996 998 2057 Graecos
1017 2016 1144 2078 prorsus
1164 1994 1334 2056 adversari
1354 2006 1462 2057 neren
1496 1982 1497 2023 ¹

392 2076 538 2139 Mansuete
558 2100 658 2160 porro
677 2078 859 2161 Paiaeoiogo
880 2080 1071 2161 imperante,
1091 2098 1163 2138 cum
1184 2079 1390 2139 Graecorum
1407 2098 1462 2137 ma

393 2161 504 2226 'i'urcis
522 2164 643 2223 attritae
664 2161 810 2239 tuissent,
830 2182 886 2224 nec
905 2162 1066 2244 imperium
1088 2161 1146 2221 uisi
1166 2162 1379 2244 precarium,
1397 2163 1462 2221 nin
1499 2197 1500 2225 r

394 2245 514 2321 dicam,
544 2244 658 2308 Turcis
690 2246 851 2327 vectigales
872 2244 944 2307 tacti
963 2244 1150 2320 obtinerent,
1177 2242 1293 2304 ultima
1319 2242 1464 2305 neaeman
1500 2269 1501 2290 1

292 2337 325 2389 v.
340 2355 383 2407 191
394 2340 521 2409 cogente
539 2348 629 2409 opem
648 2327 739 2391 rebus
763 2329 878 2392 afflictis
898 2329 958 2390 suis
979 2327 1180 2411 implorantes
1200 2326 1246 2387 ad
1267 2327 1401 2389 latinos
1416 2348 1464 2386 ue·
1501 2338 1502 2353 ¹

395 2411 537 2493 fugiunt,
556 2425 651 2494 utque
671 2413 787 2474 facilius
808 2415 992 2492 impetrent,
1016 2432 1099 2494 spem
1120 2410 1160 2472 ad
1184 2410 1341 2472 eccleciae
1359 2432 1464 2472 oman·

395 2495 520 2557 trionem
539 2493 689 2556 redeundi
702 2495 818 2558 Latinis
838 2495 967 2556 faciunt.
989 2505 1020 2555 et
1039 2497 1117 2555 circa
1136 2514 1256 2554 annum
1277 2493 1398 2555 Christi
1414 2509 1464 2574 ¹⁴¹3

394 2599 414 2636 a
437 2576 579 2638 Manuale
600 2578 709 2639 mhsos
726 2581 760 2639 ia
785 2577 902 2640 ltaliam
923 2578 1103 2639 Eudaemon
1117 2577 1280 2639 lohannes
1300 2575 1466 2660 eptem

394 2658 554 2720 ecclesiam
578 2672 742 2744 totumque
770 2663 930 2724 Orientem
961 2661 1104 2722 ecciesiae
1130 2663 1294 2722 Romanae
1319 2661 1468 2721 reddens

394 2754 467 2802 erat.
488 2753 609 2805 etcum
629 2743 711 2805 iilius
731 2749 804 2804 anni
824 2743 874 2805 die
892 2763 923 2804 rr
939 2744 1092 2806 Novemh.
1112 2763 1251 2804 summus
1262 2744 1407 2826 pontifex
1426 2745 1469 2802 dr·

393 2833 461 2885 ctus
481 2824 586 2888 fuisset
605 2826 821 2904 MartinnsV,
841 2848 911 2888 cum
932 2847 968 2887 eo
988 2827 1028 2888 de
1048 2825 1247 2887 ecclesiarum
1272 2827 1470 2888 conciliatione

393 2909 480 2988 agit3
510 2910 708 2990 imperatoris
733 2920 764 2970 et
794 2910 985 2990 patriarchae
1015 2909 1177 2982 affectum,
1213 2929 1281 2992 quo
1302 2927 1469 2992 promovet

393 3001 456 3053 tam
478 2990 583 3074 ingens
603 2993 721 3054 bonum
739 2993 879 3072 student,
900 2993 1034 3074 exponit.
1077 2995 1230 3054 Martinus
1256 3013 1347 3076 papa
1368 2993 1470 3056 Eudae

393 3095 516 3136 monem
537 3074 705 3137 Iohannem
723 3074 853 3158 benigne
874 3077 1026 3158 ampiexus
1044 3087 1101 3156 est,
1123 3073 1400 3160 indulgentiaeque
1417 3097 1470 3136 αι·

391 3159 480 3218 cessit
501 3156 561 3219 iliis
581 3163 635 3241 qui
655 3159 817 3220 militatum
838 3162 918 3222 irent
939 3159 979 3220 ud
994 3159 1196 3221 Hexnmilium
1216 3161 1471 3242 propugnanda

392 3238 512 3300 iittcras
532 3241 684 3302 etiamad
706 3243 921 3324 imperatorem
947 3255 978 3303 et
998 3242 1202 3324 patriarcham
1223 3243 1356 3320 scribit,
1380 3243 1471 3326 quibes

391 3323 538 3404 significat
561 3335 676 3407 quanta
700 3323 794 3387 animi
815 3325 981 3407 cupiditate
997 3324 1192 3386 eeclesiarum
1215 3327 1378 3388 unionem
1394 3337 1471 3408 optat

392 3417 554 3487 postquam
572 3427 648 3467 vero
668 3409 792 3469 Manuel
812 3409 909 3487 obiit,
940 3409 1088 3470 lohannes
1108 3412 1172 3469 eius
1190 3429 1358 3470 successor
1378 3412 1471 3494 tegnas

392 3489 432 3548 ad
449 3511 558 3570 papam
575 3489 615 3550 de
626 3492 849 3554 reconcilianda
870 3493 1037 3554 concordia
1058 3491 1149 3552 semel
1170 3502 1266 3573 atque
1277 3491 1398 3554 iterum
1417 3494 1472 3553 ntit-

391 3573 439 3634 tit.
462 3573 625 3632 secundam
644 3572 849 3654 legationem,
874 3579 960 3636 cuius
981 3575 1120 3636 meminit
1138 3575 1298 3636 Phranzee
1321 3575 1347 3636 Ι.
1376 3597 1471 3655 nep,

390 3655 534 3716 obierunt
552 3655 633 3717 circa
653 3676 769 3718 annum
794 3657 872 3734 1430
894 3660 1016 3719 Marcus
1040 3660 1153 3740 legaris
1170 3679 1304 3738 magnus
1323 3659 1473 3738 Stratope-

389 3737 529 3815 darcha,
559 3739 702 3800 Curunus
722 3742 945 3822 Manganorum
965 3741 1103 3822 praesul,
1126 3753 1157 3800 et
1172 3741 1356 3801 Demetrius
1377 3745 1470 3822 nuga

388 3819 437 3884 lus
471 3822 586 3898 Ciidas,
613 3826 666 3905 qui
698 3824 874 3905 imperatori
901 3829 1060 3887 asceretis
1081 3836 1157 3886 erat.
1179 3835 1286 3884 actum
1308 3823 1419 3884 deinde
1439 3821 1471 3880 de

387 3903 518 3965 conciiio
548 3905 733 3983 indicendo,
754 3918 791 3967 ut
812 3909 843 3968 in
865 3929 902 3970 eo
923 3911 1122 3989 transigerent
1143 3907 1413 3988 decernerentque
1429 3925 1472 3965 ce·

386 3981 495 4048 ciesiae
508 3990 664 4050 unionem.
685 3989 849 4051 concilium
867 4013 923 4072 per
943 3991 975 4051 id
999 4001 1119 4072 tempus
1140 3989 1276 4051 Basiieae
1297 3989 1473 4060 habebatur,

387 4067 427 4124 ad
445 4071 531 4148 quod
549 4071 739 4134 Orientaicm
767 4074 924 4136 ecclesiam
946 4086 1047 4154 patres
1067 4073 1256 4133 invitabant:
1291 4071 1348 4133 scd
1372 4073 1472 4132 cnm

385 4156 495 4214 summi
516 4156 666 4234 pontificis
697 4156 839 4240 partibus
873 4159 1058 4234 adhaerent,
1081 4168 1111 4217 ct
1133 4157 1163 4218 in
1185 4157 1303 4218 ltaliam
1329 4157 1470 4222 scuiunt·
