3075 4825
394 320 480 407 630
838 348 1051 413 nutriunt

475 502 513 567 P.
535 504 608 581 516,
638 521 682 565 rs.
732 500 909 585 Ἀκουβάν]
960 502 1116 565 Phranzes
1146 502 1236 563 huius
1257 502 1321 563 loei
1343 508 1472 566 meminit

390 587 443 649 lib.
466 589 483 649 3
507 610 573 671 cap.
592 610 642 654 ππ.
686 586 794 649 heure
811 608 863 648 seu
886 586 1044 647 Aecumbn
1066 590 1096 647 in
1118 584 1214 647 Elidis
1236 586 1471 663 mediterraneis

389 672 513 731 olimll
558 675 628 732 enin
647 670 810 751 appellata,
831 670 1031 752 Peloponnesi
1056 670 1138 730 urbs.
1181 668 1404 751 Tymphagiae
1422 674 1471 732 do.

388 754 502 815 minica
515 694 585 815 yliiit
617 753 670 813 illo
699 775 781 814 enno
804 752 967 815 Februarii
990 774 1029 835 7,
1051 752 1167 813 Peseha
1188 754 1302 813 Martii
1325 753 1383 831 28,
1405 756 1471 835 cycl

388 836 496 897 Lunae
511 856 550 915 π,
571 838 648 899 Solis
659 836 719 913 26,
742 836 829 897 litera
850 839 883 896 C.
906 836 1014 899 eodem
1036 856 1116 897 anno
1137 834 1395 897 Thessalonicae
1417 840 1471 899 Ba.

387 920 478 983 iazite
499 930 601 1003 cepta.
624 920 725 981 Duces
746 940 811 1000 cap.
839 920 888 981 13.

471 1016 510 1081 P.
531 1018 604 1097 516,
623 1020 667 1079 ιδ.
710 1014 893 1098 Δημήτριος
914 1012 1038 1097 d‘Poil]
1083 1006 1241 1079 Phranzes
1269 1017 1315 1080 de
1342 1020 1467 1082 Iohanne

385 1102 480 1174 unte,
502 1122 594 1183 quem
614 1100 782 1185 Georgium
811 1104 903 1162 etiam
926 1098 1056 1163 Raulem
1076 1101 1273 1181 appellarat,
1302 1112 1336 1161 et
1359 1102 1396 1163 de
1415 1106 1469 1163 hli-

385 1184 492 1247 elraele
512 1184 608 1247 Raule
629 1184 715 1249 line
738 1205 804 1265 cap.
828 1184 868 1247 26
888 1196 918 1246 et
939 1184 979 1245 28
1000 1186 1182 1245 mentionem
1202 1183 1290 1245 facit.
1315 1206 1354 1247 ex
1376 1186 1467 1247 eedem

383 1268 467 1329 forte
487 1278 578 1351 gente
598 1278 690 1329 erant
711 1288 746 1327 ee
767 1266 819 1329 ille
846 1266 1130 1351 quihpoceuchum
1150 1266 1276 1327 oceidit.

467 1368 505 1431 P.
528 1366 602 1443 516,
620 1364 667 1445 sd.
708 1364 768 1427 τοῦ
790 1362 947 1451 Λεόπος]
969 1365 1072 1450 Vulgo
1095 1368 1297 1425 Leontarium
1319 1377 1354 1427 et
1371 1368 1463 1429 Leon.

382 1451 460 1525 tari,
483 1446 619 1529 Μεγάλη
641 1442 732 1519 πόλις
752 1449 826 1511 olim
849 1451 1009 1531 appellere.
1032 1461 1063 1511 nt
1082 1451 1110 1509 in
1131 1448 1246 1509 tabulis
1265 1451 1464 1533 geographicis

380 1532 537 1596 Leondari
555 1533 647 1614 longe
667 1554 685 1593 a
704 1532 887 1614 Megalopoli
915 1554 1020 1595 versus
1039 1532 1177 1595 occasum
1198 1532 1306 1596 distet.
1350 1536 1463 1594 Albani

378 1626 430 1677 tae
449 1626 521 1677 sunt
549 1615 666 1677 Albani
695 1612 939 1698 Peloponnesum
965 1618 1147 1691 incolentes,
1177 1627 1213 1677 ut
1232 1617 1273 1677 ud
1296 1616 1404 1679 Dueae
1423 1640 1465 1677 ea-

377 1708 437 1779 put
455 1699 494 1759 32
513 1697 715 1760 ostendimus.

461 1795 503 1857 Ρ.
525 1795 599 1875 516,
627 1817 675 1880 η.
717 1794 965 1881 ἐσυμφώνησεν]
1018 1796 1082 1857 Ubi
1109 1796 1192 1857 loeus
1216 1796 1267 1859 ille
1293 1798 1463 1859 'I'herm'rsos

376 1877 964 2045 tttlthtnt‘tthttrntl't
982 1878 1462 2047 piillliiimhdgiffl

950 2008 959 2037 ‚
1388 2008 1397 2025 ‚
1448 1998 1460 2009 .

375 2006 613 2107 etrum’insnlee
631 2046 738 2107 Cretae
764 2046 825 2108 hoe
847 2048 916 2107 loeo
935 2066 998 2107 esse
1018 2046 1272 2129 intelligendum,
1297 2068 1360 2107 non
1382 2046 1458 2107 facilc

374 2127 577 2221 persuadeor,
598 2150 670 2191 eum
691 2128 724 2190 in
745 2130 958 2211 Peloponneso
977 2130 1070 2191 situm
1091 2150 1153 2191 esse
1173 2130 1281 2191 locum
1305 2130 1394 2191 illum
1412 2142 1456 2189 ant

373 2230 407 2269 ru
425 2212 529 2271 Attica
553 2233 573 2272 o
596 2223 707 2273 orteat.
751 2214 868 2294 Megrs,
888 2214 1012 2294 Megara
1035 2213 1107 2274 elim
1129 2210 1294 2294 appellato,
1315 2212 1403 2275 loeus
1418 2222 1455 2273 est

373 2292 405 2352 in
425 2291 528 2355 Attica
550 2234 594 2355 ad
608 2293 709 2356 sinum
731 2294 916 2357 Saronicum
935 2296 1027 2378 vulgo
1050 2296 1140 2374 Gofflr
1159 2296 1315 2375 d'Engr'a.

375 2487 390 2536 ⁸
455 2391 495 2459 Ρ.
517 2392 591 2476 516,
613 2413 666 2458 ar.
721 2386 793 2459 ὗΓ
790 2392 997 2478 reponeretis]
1039 2393 1209 2458 Adeundus
1229 2394 1388 2458 Phrannes
1407 2392 1448 2458 lils
1502 2465 1503 2490 ¹

419 2495 489 2557 cop.
509 2497 560 2544 πο.

327 2575 333 2596 ⁴
452 2572 493 2642 Ρ.
514 2575 550 2639 5ι
576 2575 637 2654 ,4.
677 2577 857 2656 παρέλαβεν
878 2569 895 2637 ὅ
915 2573 1088 2663 Δεσπότης]
1130 2579 1256 2640 lacobus
1280 2579 1390 2641 llosins
1409 2579 1450 2639 lh

369 2649 390 2730 d
410 2651 487 2716 llist.
512 2597 578 2718 mil.
593 2657 803 2744 Hierosolym.
825 2661 920 2722 tradit
935 2661 1132 2723 Dominicum
1153 2663 1190 2723 de
1209 2662 1374 2724 Alemania
1393 2684 1451 2724 eon
1500 2713 1501 2747 p

368 2734 533 2800 Theodoro
556 2741 827 2826 Porphyrogenito
860 2747 983 2806 nemine
1011 2744 1130 2828 collegii
1149 2757 1179 2807 et
1199 2745 1362 2807 societatis
1381 2747 1451 2806 rnili-

368 2818 429 2915 tiae
459 2821 754 2906 Hierosolymitenoe
787 2826 952 2911 pepigisse,
982 2838 1011 2888 et
1033 2829 1072 2888 de
1103 2829 1156 2888 lite
1182 2829 1367 2912 transegisse
1387 2850 1452 2912 quae
1499 2819 1500 2874 l

369 2910 449 2962 rnter
468 2902 670 2968 Theodorum
701 2919 732 2969 et
752 2909 893 2971 Rhodios
924 2921 994 2972 orte
1022 2922 1088 2972 erat
1108 2909 1296 2973 venditionis
1332 2935 1452 2974 causan

268 2983 537 3049 r.sto'.rheod0ro
567 2988 688 3069 factae,
721 2993 777 3076 qui
805 2994 1002 3077 despotatum
1036 2994 1240 3076 Peloponnesi
1269 2995 1411 3056 Corinthi
1429 3007 1453 3056 et

368 3057 615 3134 Lacedaemonis
641 3073 770 3158 collegio
802 3075 992 3138 Rhodiorum
1027 3079 1206 3139 vendiderat
1240 3099 1326 3140 anno
1352 3079 1452 3140 Christi
1497 3061 1498 3133 l

371 3149 472 3247 {³9⁷⁹
501 3156 576 3216 dum
597 3158 728 3239 Magnus
763 3161 905 3244 magister
931 3171 997 3222 erat
1028 3159 1217 3222 Philibertus
1247 3161 1289 3222 de
1311 3161 1453 3224 Nailaooo.
1496 3207 1497 3212 1

365 3225 413 3290 lrtr
431 3232 489 3294 hac
509 3238 686 3302 conditione
706 3241 773 3303 finis
796 3243 965 3339 impositus,
989 3251 1024 3303 ut
1045 3243 1172 3306 Rhodiis
1192 3243 1324 3306 ducatos
1348 3265 1448 3306 aurens
1496 3213 1497 3261 l

365 3325 458 3413 cupre
489 3321 692 3403 quadraginta
724 3345 775 3385 serr
807 3325 890 3388 mrlle
920 3327 1098 3409 quingentos
1126 3327 1216 3388 sortis
1236 3349 1273 3387 ae
1292 3347 1448 3388 usurarum
1495 3343 1496 3391 l

367 3417 494 3460 nomme
518 3401 650 3467 solveret
671 3406 875 3490 Theodorus,
903 3413 993 3470 etita
1015 3409 1196 3473 Corinthum
1219 3414 1287 3471 eius
1309 3411 1448 3473 Castells-
1494 3439 1495 3476 t

364 3481 468 3561 niem,
502 3483 696 3557 Calauretem
742 3493 867 3574 eiusque
902 3513 1008 3574 agrum
1041 3495 1099 3636 ipsi
1130 3494 1296 3556 redderent
1331 3494 1447 3554 Rhodii.
1494 3485 1495 3519 l

364 3573 469 3626 cetam
487 3567 584 3628 refert
612 3573 723 3633 Bosius
743 3594 825 3636 enno
851 3573 946 3654 rdod,
978 3577 1091 3658 Apriis
1112 3577 1164 3638 die
1183 3587 1279 3640 sexto.
1304 3577 1344 3638 de
1368 3577 1447 3636 Poe
1493 3575 1494 3646 l

363 3650 493 3724 ponnesi
513 3651 692 3717 venditione
713 3657 868 3722 Phranzes
889 3659 943 3725 lib.
970 3679 982 3719 r
1004 3679 1071 3742 cap.
1098 3682 1158 3738 πο,
1181 3661 1233 3742 qui
1252 3659 1444 3720 Theodorum
1492 3689 1493 3777 p

363 3727 518 3808 Spartam,
541 3755 602 3795 non
624 3747 721 3799 totam
736 3741 983 3824 Peloponnesum
997 3741 1126 3804 Rhodiis
1147 3741 1322 3804 vendidisse
1344 3743 1445 3803 sentit.

372 3825 376 3832 '
447 3813 488 3878 P.
510 3815 581 3898 5r7,
608 3840 654 3881 rr.
702 3819 863 3906 Μαπουὴλ
884 3821 902 3886 ὅ
926 3821 1088 3908 βασιλεύς]
1131 3825 1211 3888 Vide
1227 3847 1308 3908 quae
1332 3823 1443 3887 notari·

362 3911 429 3954 mus
452 3895 492 3956 ad
514 3898 620 3962 Dueae
641 3923 708 3987 cap.
729 3927 783 3966 ao.

446 3977 484 4074 ξ’.
506 3979 585 4064 517,
624 3986 671 4047 16.
720 3987 949 4073 Ἀναβπρέζοι]
1001 3991 1151 4053 Abarinos
1179 3991 1262 4053 forte
1290 3989 1440 4070 intelligit:

361 4053 520 4122 Abarrnus
551 4076 653 4128 autern
683 4081 729 4130 est
759 4071 856 4154 Pylus
887 4078 1010 4157 antiqua
1031 4075 1168 4136 Nestoris
1196 4076 1305 4158 patria.
1333 4075 1440 4154 sique

361 4153 437 4196 vero
459 4143 631 4210 Navarenos
667 4164 806 4215 erastro
829 4155 1005 4234 Navarino,
1037 4159 1122 4242 qued
1141 4157 1181 4218 ad
1201 4157 1439 4240 promontorium

361 4216 497 4286 Zenobio
518 4229 610 4316 vulgo
631 4235 819 4320 appellatum
840 4239 931 4304 situm
957 4253 1014 4325 est,
1036 4239 1208 4326 intelligere
1229 4241 1373 4322 voluerit,
1393 4259 1440 4322 ΡΤ
