3075 4825
305 297 388 412 278
562 317 700 384 nucis:
726 313 943 380 inermus
969 307 1139 374 annuus

304 479 349 550 τίς
363 471 480 556 μικρόν
491 467 652 552 όθνμίαν·
672 462 755 552 ἦσαν
769 463 830 552 γόρ
850 464 881 532 oi
901 465 1194 537 tetrametrum
1207 455 1340 537 ἅπαντας
1357 465 1394 527 ἐκ

304 577 360 656 τῆς
374 574 476 636 αὐτοῦ
491 568 565 654 νηός
577 563 706 648 εὔζωνοι
724 570 789 634 νὲσι
800 568 855 630 καί
869 569 940 630 λίαν
953 564 1140 645 πολεμισταί
1151 562 1231 644 όπὲρ
1252 557 1395 644 τοόςριί.

305 670 334 734 ολ
352 673 387 735 δὲ
406 671 540 751 Τοόρκοι
561 669 751 752 ἐπαρθέντες
762 664 818 730 ἐπί
828 669 867 752 τῇ
878 665 1055 752 εόόοκιμίρι,
1068 660 1123 726 καί
1135 658 1245 748 φωνὴν
1256 661 1396 743 μεγάλην

307 763 439 854 ἄραντες
452 763 512 832 σόν
529 765 703 854 ἀλαλαγμῷ
717 763 839 844 πάντες,
855 763 910 827 καί
922 763 951 827 οἱ
966 764 1000 827 ἐν
1013 769 1079 838 τοῖς
1094 761 1214 834 πλοίοις
1236 761 1292 823 καί
1311 755 1341 820 oi
1361 759 1396 822 ἐν

306 879 376 944 ταῖς
408 875 558 951 σκηναῖς,
588 867 677 930 τόσον
697 856 778 948 η’χον
797 867 832 928 ἐν
856 866 1004 946 ον’ρανοῖς
1022 863 1203 939 ἐξέπεμψαν
1223 858 1267 934 aig
1290 859 1426 928 δοτεΐν5

307 965 342 1033 τό
365 968 460 1046 κλίμα
484 968 584 1030 ἐκεῖνο
605 967 659 1048 τῆς
680 969 737 1047 γῆς
757 966 927 1043 σείεσθαι,
956 961 1011 1024 καί
1030 963 1065 1024 ἐκ
1083 961 1144 1022 τοῦ
1163 957 1268 1044 φόβον
1286 957 1342 1020 καί
1364 955 1394 1018 oi

308 1065 364 1147 τῆς
382 1064 501 1138 πόλεως
537 1063 594 1128 καί
621 1061 650 1128 oi
671 1066 729 1126 τοῦ
752 1063 784 1127 Γ
782 1062 883 1125 αλατᾶ
913 1058 1026 1134 πάντες
1045 1055 1155 1139 ἐβόων.
1196 1053 1317 1139 ἡμέρας
1337 1047 1395 1119 osis

275 1165 485 1247 Ιλγενομένης,
507 1165 562 1226 καί
579 1159 793 1246 χαρμοσόνως
813 1183 847 1223 τε
868 1161 923 1223 καί
943 1158 1112 1240 εὐθαρσῶς
1131 1155 1396 1234 καταπολεμιζον·

308 1285 379 1341 τες,
401 1257 647 1342 ἐναβρυνόμενον
667 1257 721 1324 ἐπί
747 1263 789 1346 τῇ
810 1253 1034 1344 ἀπροσδοκήτῳ
1054 1256 1210 1340 καταβολῇ
1230 1255 1288 1338 τῆς
1306 1249 1396 1335 τριη-

310 1383 398 1445 ρεος,
426 1352 520 1424 ἄλλον
545 1361 636 1423 λίθον
657 1363 711 1424 καί
730 1356 829 1422 ον’τόν
860 1357 1050 1440 παμμεγέθη
1067 1357 1107 1441 τῇ
1129 1357 1237 1441 φωλεᾷ
1254 1356 1311 1434 τῆς
1329 1377 1395 1434 χω·
1408 1373 1448 1415 ro

309 1461 395 1533 νείας
415 1457 602 1543 ἐνήρμοσαν,
624 1460 678 1522 καί
690 1455 729 1540 dr}
751 1457 921 1539 ἱσταμένης
932 1457 1010 1538 μιᾶς
1028 1451 1100 1539 νηό;
1120 1455 1155 1517 ἐν
1174 1454 1213 1540 τῇ
1234 1451 1317 1537 πόλη
1338 1453 1397 1514 τοό

310 1559 342 1622 Γ
340 1559 441 1621 αλατᾶ
470 1551 579 1638 ἐγγός,
612 1553 772 1642 φερούσης
803 1553 919 1642 φόρτον
940 1549 1108 1636 ἐμπορικὸν
1129 1555 1284 1616 παντοίοω
1305 1552 1397 1613 είόιόν

312 1653 368 1718 καί
399 1651 574 1740 μελλούσης
606 1655 641 1718 ἐν
667 1656 778 1742 Ἰταλίᾳ
803 1657 908 1718 πλέειν
932 1647 988 1740 (ἢν
1005 1649 1066 1738 γόρ
1089 1655 1145 1716 κατ’
1165 1651 1183 1734 ἢ
1204 1652 1283 1725 ναός
1303 1647 1394 1712 καόό

314 1753 430 1840 φόρτος
461 1757 526 1817 sois
557 1750 702 1836 ἐμπόρων
722 1757 781 1817 τοῦ
799 1757 831 1818 Γ
829 1755 944 1837 αλατό)
978 1752 1112 1838 ἐφέντες
1132 1750 1162 1814 οὶ
1187 1754 1323 1832 Τοόρκοι
1341 1744 1398 1813 τόν

313 1854 403 1917 λίθον
421 1853 563 1936 διέρρηξε
580 1852 637 1936 τόν
656 1855 794 1936 γαστέρα
818 1854 875 1934 τῆς
904 1851 995 1936 νηός,
1020 1852 1075 1915 καί
1094 1852 1317 1934 διαρραγείσης
1338 1841 1449 1928 ἔρ·ῐὸ

314 1953 372 2036 δην
401 1955 626 2035 κατεποντίσθη
659 1951 693 2014 ἐν
711 1952 754 2038 τῷ
773 1951 873 2036 βυθῷ.
915 1953 1005 2014 τοῦτο
1024 1948 1058 2014 τό
1083 1951 1186 2031 όοόρον
1206 1946 1398 2028 α’ντόμειψις

314 2051 371 2134 τῆς
390 2051 588 2136 ἀκραιφνοῦς
610 2049 738 2135 φιλίας,
758 2041 797 2132 ἧς
819 2046 1016 2126 ἐπεδείξαντο
1043 2049 1176 2131 Τοόρκοι
1197 2042 1274 2120 τοός
1292 2049 1323 2110 Γ
1321 2051 1399 2107 αλα-

314 2153 431 2226 τίνονς.
485 2149 628 2236 ἐπῄεσαν
653 2147 715 2234 γὰρ
747 2151 782 2214 ἐν
821 2156 888 2224 τοῖς
915 2143 1116 2232 μεγιστόνοις
1137 2147 1222 2231 αὐτῇ
1239 2148 1278 2232 τῇ
1298 2143 1401 2231 ἡμέρᾳ

220 2253 306 2332 Erip
315 2253 450 2331 βοῶντες
479 2245 522 2324 τός
544 2245 657 2334 ,ἡμεῖς
678 2249 766 2336 φίλοι
795 2241 883 2325 όντες
906 2245 962 2312 καὶ
979 2244 1019 2311 τό
1041 2247 1095 2332 τῆς
1115 2247 1224 2332 φιλίας
1245 2240 1400 2325 πράττον-

314 2369 366 2423 τες
386 2346 589 2432 ἐσημόναμεν
623 2347 682 2432 τὴν
712 2345 838 2413 ἐλενσιν
855 2350 911 2431 τῆς
930 2347 1092 2433 τριήρεας·
1134 2343 1191 2408 καί
1209 2342 1270 2429 γὰρ
1294 2345 1326 2407 εί
1344 2341 1451 2406 οόιιαο

313 2442 384 2511 ἐστε
404 2450 480 2526 παρ’
501 2446 576 2529 ἡμῖν
596 2446 817 2539 ἐνωτισθέντες
834 2445 890 2531 τόν
908 2444 1033 2511 ἕλεασιν
1052 2444 1167 2529 αὐτῆς,
1187 2445 1233 2519 είς
1251 2440 1341 2506 κενόν
1361 2436 1402 2505 όν

313 2534 395 2627 ἦσαν
416 2541 446 2607 oi
465 2542 553 2609 τόσοι
574 2542 665 2609 κόποι
686 2548 749 2611 τοῖν
770 2544 824 2609 tat
846 2547 942 2630 ξηρός
962 2548 1175 2627 εἰσαχθέντων
1192 2546 1227 2608 ἐν
1246 2546 1292 2630 τῷ
1311 2544 1402 2623 ispi·

314 2665 347 2706 νι
370 2635 556 2727 όγόοήκοντα
578 2646 713 2708 πλοίων·
737 2647 844 2731 τέφρα
863 2642 923 2729 γόρ
944 2640 1076 2728 ἔμελλον
1096 2644 1256 2729 γεγονέναι
1275 2639 1333 2707 κατ’
1349 2637 1403 2704 τό.

316 2926 375 2996 ipss
392 2941 491 2997 pavore
509 2926 584 2979 baud
611 2928 742 2981 mediocri
759 2930 915 3001 perculsus:
933 2928 1061 2982 lluetibus
1079 2930 1152 2982 enim
1166 2926 1290 2998 absorpti
1309 2928 1405 2997 plures

316 3008 425 3051 eentum
445 3006 473 3049 et
501 3000 699 3121 quiuquopinta
726 3001 837 3053 iuvenes
857 3002 975 3070 prompti
993 3017 1024 3051 ac
1041 2999 1166 3053 bellicosi
1183 3000 1337 3069 perierant,
1354 2999 1404 3083 qni

315 3068 345 3119 in
366 3070 423 3120 eius
442 3084 510 3119 nare
527 3070 615 3138 slipen
638 3072 663 3121 ia
680 3088 773 3123 omnes
793 3070 939 3124 iaciebant·
965 3070 1049 3123 Turci
1065 3088 1128 3124 vero
1149 3069 1184 3122 ob
1203 3078 1259 3121 tam
1278 3076 1405 3139 apposita

316 3138 482 3190 destinatum
498 3140 581 3191 ictum
598 3142 688 3193 animo
705 3142 781 3206 eloti,
799 3158 901 3201 omnes.
912 3159 972 3194 eum
987 3143 1035 3212 qui
1045 3142 1076 3194 in
1085 3142 1199 3211 navigiis
1215 3148 1273 3192 turn
1291 3142 1340 3210 qui
1352 3138 1404 3190 snb

315 3209 443 3261 tentoriis
462 3218 555 3274 eraut,
572 3210 653 3262 simul
670 3212 846 3265 vehementer
862 3211 1060 3277 vociferantur,
1078 3220 1239 3281 tantumque
1258 3211 1403 3262 clamorem

317 3278 346 3329 in
372 3279 477 3329 coelum
495 3281 624 3346 mittunt,
647 3291 678 3334 ut
699 3291 800 3335 tractus
826 3284 875 3335 ille
893 3292 982 3335 terrae
1008 3284 1116 3335 concuti
1133 3282 1292 3345 videretnr3
1311 3281 1405 3331 lormi-

317 3347 382 3400 dina
400 3350 482 3401 etiarn
496 3350 633 3420 cpolitani
654 3369 685 3403 ao
697 3354 819 3406 Golotini
837 3354 1005 3424 trepidantes
1025 3352 1187 3406 clamoribus
1203 3352 1340 3403 similibus
1357 3356 1405 3403 εἰ·

318 3435 373 3471 τεια
393 3420 570 3489 complevere.
588 3422 636 3473 nbi
655 3423 713 3475 dies
734 3426 841 3488 illuxit,
857 3426 940 3476 Tusci
958 3424 1118 3476 laetabundi
1137 3424 1245 3493 sibique
1263 3421 1404 3473 confiden-

317 3498 358 3542 tes
388 3506 543 3561 oppugnare
571 3491 666 3545 urbem
705 3504 808 3564 argunt.
827 3496 952 3565 istaque,
972 3497 1138 3566 inaspectoto
1156 3494 1274 3545 triremis
1293 3492 1403 3561 depres-

317 3562 394 3613 sione
413 3561 602 3630 superbientes
621 3512 740 3635 lapidem
758 3582 884 3635 magnum
903 3566 1067 3617 bombardae
1086 3564 1175 3616 conoli
1195 3564 1354 3625 immittunt,
1373 3569 1405 3613 et

317 3633 346 3682 in
363 3648 457 3683 norem
476 3649 547 3702 quoa
564 3644 741 3687 mercatorum
763 3636 949 3688 Genuensiurn
975 3646 1033 3688 erat
1056 3635 1159 3687 directo
1188 3636 1261 3697 ictu,
1279 3634 1337 3685 eius
1355 3646 1404 3681 eo·

316 3710 370 3753 stas
393 3700 559 3773 dirumpunt,
579 3713 608 3755 et
625 3706 654 3756 in
672 3706 837 3775 profundum
852 3705 1019 3775 demergunt
1038 3706 1106 3757 bueo
1123 3705 1198 3756 navia
1219 3706 1294 3756 iuxta
1311 3718 1403 3753 muros

316 3771 351 3823 ad
368 3782 474 3843 portam
492 3774 606 3826 Galatae
627 3776 773 3828 stationem
791 3776 922 3842 babebat,
941 3777 1075 3830 mercibus
1091 3776 1242 3845 omnigenis
1256 3780 1353 3824 onusta
1371 3772 1403 3824 in

316 3844 424 3895 ltaliam
441 3862 505 3896 mox
531 3846 704 3913 norigatrsra3
722 3848 829 3918 hocque
855 3848 993 3911 facinore,
1011 3865 1061 3900 cen
1081 3847 1315 3907 redbostimento,
1370 3859 1404 3891 o-

314 3914 396 3965 modo
425 3916 572 3967 amicitiam
596 3916 785 3970 Galatinorum
813 3918 948 3984 colerent,
978 3918 1061 3971 Tusci
1089 3917 1278 3988 probaverunt
1306 3930 1339 3965 eo
1359 3929 1403 3964 em

315 3982 368 4034 boe
385 3984 431 4035 die
450 3986 484 4037 sd
503 3994 649 4057 magnates,
671 4004 730 4039 cum
750 3990 817 4061 ipsis
832 3990 1038 4060 expostulatnri,
1058 3988 1179 4041 Galatlni
1198 4002 1228 4037 ss
1246 3984 1403 4047 conferunt,

315 4052 390 4122 quod
413 4070 473 4107 eum
493 4057 572 4109 amici
591 4074 682 4109 eorum
704 4069 803 4122 essent,
820 4060 945 4131 talesque
961 4060 1070 4131 prodita
1087 4058 1191 4111 triremi
1209 4072 1238 4107 se
1257 4054 1402 4125 praebuis-

315 4130 389 4185 sent,
410 4132 485 4177 tanta
503 4126 602 4179 iniuria
622 4128 698 4180 illata
712 4130 778 4201 ipsis
796 4138 875 4182 esset.
894 4132 933 4186 „si
950 4129 1037 4193 robis,
1057 4130 1194 4199 inquiunt,
1213 4126 1400 4195 incompertos

315 4192 412 4248 fuisset
428 4197 546 4249 triremis
571 4200 719 4268 appulsus,
747 4210 837 4253 tantos
856 4200 964 4253 labores
988 4202 1017 4253 in
1035 4199 1175 4253 trahendis
1194 4206 1266 4249 terra
1288 4196 1401 4247 biremi-
