3075 4825
343 363 399 425 in
429 361 517 426 cir.
546 361 655 424 xxxi.
683 359 832 424 noris.
1049 335 1130 448 597

63 505 119 574 ires
138 505 240 600 5va-
283 511 363 574 rioiu
381 505 439 574 σόν
459 511 493 574 ἐν
511 513 554 598 τῷ
574 509 702 593 παρόντι
725 508 819 602 Ιςαξοό
836 509 897 575 ἔτει
918 513 967 596 (όν
987 502 1012 574 ό
1037 511 1131 594 καόῇ

63 590 172 666 όλισσις
197 595 252 674 τῆς
274 593 644 667 Κωνσταντινσυπόλεους·
659 593 745 675 παρὰ
777 596 838 656 τῶν
858 594 963 657 ἀθέων
988 577 1135 674 insipieus

63 680 173 758 γέγονε,
193 677 292 762 Μαΐῳ
312 677 360 738 κθ
369 723 379 755 ,
402 675 503 764 ἡμέρᾳ
520 679 636 824 ’τρίτῃὲ3
648 673 702 758 ἔτη
722 672 770 738 υό
779 726 789 760 ,
813 677 871 762 ἀφ’
890 669 988 756 οὗπερ
1012 681 1133 758 ἐγένετο

62 757 93 821 τό
113 759 229 840 σχίσμα
249 760 313 822 τοῖν
334 759 503 840 ἐκκλησιῶν
522 760 609 822 τοῖνι
637 758 765 838 οιμαιόιν
785 763 842 822 uui
861 755 1015 840 Φρόντων
1035 763 1134 823 τελεό-

63 864 110 914 ως.
150 839 167 902 ό
188 842 224 904 di
243 837 341 913 αὐτός
365 841 503 921 Μιχαὴλ
524 839 541 902 d
562 838 786 923 Κηρουλοὶριυς
805 844 859 904 ini
878 843 969 904 πλέον
990 843 1135 923 α’νὴγειρι

62 920 94 984 τό
115 923 249 1004 σχίσμα,
281 921 336 984 καί
361 919 421 1006 τὴν
447 919 550 1008 φλόγα
578 923 743 1000 ἐξέκαυσεν
773 925 890 1002 αὐτοῦ,
913 923 968 986 καί
987 920 1040 986 dui
1061 947 1133 986 τινα

60 1005 187 1083 κοσμιιιό
205 1004 392 1087 πράγματα,
415 1001 495 1086 duco
518 1004 641 1090 ἔφθασε
665 1004 855 1089 όιακυκήσας
876 1002 1027 1081 όἸταλός
1053 999 1134 1087 Ἀρ-

58 1109 168 1168 χυρσς·
209 1089 263 1152 ent
283 1091 375 1150 πλέον
397 1089 432 1152 δὲ
454 1087 506 1152 διό
535 1088 570 1152 τό
590 1089 711 1150 ἐθέλειν
728 1085 783 1150 τόν
802 1088 1001 1171 ιιατριόρχην
1018 1087 1135 1152 ἐκεῖνον

57 1173 110 1232 κατ’
126 1167 199 1243 roi-c
219 1173 286 1249 μετ’
308 1168 404 1234 αὐτόν
425 1165 505 1234 εἶναι
526 1173 585 1250 μὲν
606 1165 811 1252 ἀνεγκλήτους
831 1171 888 1234 κατ’
907 1173 1052 1254 ἀκρίτους
1072 1195 1135 1233 nu-

59 1251 99 1331 ρό
119 1254 175 1315 τοῦ
189 1251 324 1335 Ῥοόμης,
345 1252 604 1334 ἀντιπεριστῆσαι
627 1255 662 1318 dh
676 1255 721 1326 εἰς
741 1248 877 1328 ἱαυτοός
896 1255 953 1316 καί
970 1251 1049 1316 κατὰ
1071 1256 1136 1316 τῶν

55 1337 170 1399 λοιπῶν
194 1338 433 1418 πατριαρχικοόν
466 1331 591 1414 θρόνων
623 1332 757 1416 κρότος,
778 1337 834 1398 uui
859 1329 938 1399 εἶναι
962 1333 1019 1398 τόν
1040 1339 1134 1399 Κονν-

55 1418 333 1491 σταντινουαόλεοις
367 1415 446 1481 κατό
475 1416 616 1496 πάντων,
646 1413 722 1500 όαιρ
750 1409 791 1500 ἤν
809 1415 960 1502 πρότερον
978 1417 996 1481 ό
1009 1416 1135 1500 Ῥώμης

55 1504 115 1562 τῶν
135 1499 260 1564 πάντων
279 1501 428 1581 ἐξάρχων.
468 1502 643 1588 Imperantc
665 1504 858 1566 Corutautiuo
877 1505 1080 1564 Monomacho
1101 1507 1134 1564 iu

52 1586 153 1645 sedem
174 1588 415 1668 patriarchalem
439 1587 597 1648 collocutus
629 1601 671 1648 est
698 1587 831 1647 Michaei
860 1587 1052 1663 Centiari1n3
1082 1589 1135 1670 qui

53 1670 151 1728 statim
168 1669 219 1729 uhi
237 1681 351 1732 creatus
358 1670 444 1750 fist,
461 1690 577 1752 papam
599 1668 709 1729 Romae
727 1693 744 1730 e
764 1673 855 1731 sacris
872 1671 1021 1753 diptychis
1041 1670 1134 1729 ahra-

51 1753 111 1828 αἰ,
134 1753 163 1811 ei
181 1752 322 1814 ohiicieas
341 1751 423 1836 quod
435 1771 520 1835 parte
540 1773 651 1832 azymo
670 1753 884 1814 eucharistiam
907 1749 1085 1837 conficeret,
1103 1764 1135 1814 ct

49 1834 183 1910 symbolo
202 1835 342 1896 additam
362 1835 490 1918 Spiriuu
510 1838 613 1896 sancti
629 1855 649 1894 a
675 1835 759 1896 Fih'o
777 1837 1004 1918 processionem.
1025 1837 1080 1895 hoc
1101 1837 1134 1896 in

48 1919 167 1997 negotio
195 1917 348 1978 adiutores
374 1920 434 2000 ipsi
454 1917 544 2000 suere
564 1917 671 1979 Petrus
697 1919 874 1980 Antiochiae
900 1919 1082 1997 patriarcha
1106 1930 1138 1977 ct

53 1999 113 2060 Leo
127 2001 291 2080 Buigariae
305 2002 550 2084 archiepiscopus.
571 1999 718 2082 regnabat
732 2017 827 2082 porro
849 2001 1064 2060 Moaomachus
1084 2001 1136 2059 itte

49 2081 143 2144 iuxta
163 2081 316 2161 Scyiitzae
340 2083 507 2146 Chronicou
525 2104 608 2145 auno
626 2084 716 2166 6557,
738 2082 864 2164 [Christi
890 2081 978 2164 1049]
999 2082 1070 2141 inde
1091 2081 1138 2141 ad

47 2164 271 2248 annum6961‚
293 2185 353 2250 quo
378 2167 477 2250 Lpoh's
503 2167 547 2228 ah
568 2167 665 2228 atheis
689 2166 795 2226 Ducis
819 2179 909 2249 copta
937 2177 981 2225 est
1003 2163 1084 2224 Maii
1094 2183 1137 2246 29

47 2249 131 2314 heria
154 2249 194 2322 3,
219 2252 294 2310 anui
311 2246 374 2327 hod
395 2249 491 2334 elapsi
510 2262 594 2328 uuir,
614 2249 721 2332 quihus
740 2250 868 2310 schisma
888 2249 969 2308 inter
989 2247 1139 2307 Romaeos

47 2351 99 2390 seu
125 2329 259 2392 Graecos
277 2344 306 2392 et
323 2331 463 2394 Francos
483 2351 534 2393 seu
554 2331 750 2394 occidentales
766 2331 981 2415 perseuerauit.
1003 2327 1140 2388 Michaei

47 2414 115 2497 ipse
139 2411 314 2475 cerularius
346 2416 514 2477 schismatis
533 2416 645 2477 malum
667 2418 775 2491 auch,
805 2428 835 2475 ct
853 2416 887 2476 in
905 2406 1004 2475 ninius
1022 2411 1137 2472 discor·

47 2496 120 2556 diae
141 2498 312 2559 eumedium
328 2518 526 2581 prorumpere
539 2500 636 2577 secio
691 2496 791 2559 Iratus
809 2516 924 2583 quoque
937 2496 1061 2581 quidum
1081 2514 1138 2555 ao·

47 2582 134 2639 miae
163 2578 322 2661 Argyrus,
349 2582 434 2645 rehtu
458 2580 632 2667 quibusdam
656 2582 855 2641 saecularibus
879 2580 1048 2653 advolutis,
1073 2578 1139 2637 uui·

47 2682 103 2723 ures
124 2662 210 2723 illud
225 2666 434 2747 exasperavit.
459 2666 593 2725 murciae
622 2684 697 2724 uero
718 2684 754 2723 ac
766 2665 930 2747 praecipue
944 2660 1140 2745 patriarchae
1193 2710 1196 2718 .

47 2746 170 2825 iibido,
193 2749 249 2829 qui
265 2768 295 2807 re
314 2768 437 2831 suosque
459 2766 638 2809 successores
653 2746 809 2807 Romanae
835 2747 916 2807 sedis
935 2742 1140 2804 iurisdictioui

47 2828 222 2890 ucbtruhere
241 2830 361 2901 uoluit,
392 2851 446 2893 nec
465 2830 511 2891 ud
526 2849 647 2913 papam
666 2830 798 2911 amplisu
815 2828 1006 2912 provocari,
1027 2844 1082 2887 uec
1099 2824 1138 2885 ob

47 2932 79 2973 eo
103 2913 255 2976 iudicari.
272 2914 457 2997 propositum
477 2914 602 2995 insuper
613 2912 692 2974 illitu
714 2926 781 2973 eme
797 2913 831 2972 ia
849 2913 983 2972 aliorum
999 2909 1139 2991 patriar-

47 2998 178 3056 charum
206 2996 324 3055 thronos
356 2996 567 3055 autoritatem
588 3008 618 3055 et
637 2994 870 3057 iurisdictionem
889 2996 924 3054 iu
946 3014 978 3052 se
998 2993 1139 3065 trahcrc3

47 3098 202 3162 piamque
211 3090 303 3137 antea
321 3096 413 3160 papa
424 3080 534 3138 Romae
549 3079 581 3136 ia
595 3090 705 3139 ceteros
724 3078 884 3151 habuerat,
903 3086 1081 3157 potestatem
1095 3073 1141 3132 ad

47 3161 252 3243 Cpoiitauum
268 3161 477 3245 patriarcham
495 3160 672 3237 transfim.
692 3160 755 3221 hoc
775 3160 905 3220 schisma
922 3158 961 3217 ad
981 3154 1139 3215 Michaelis

47 3248 56 3307 i
77 3242 266 3324 Pulueoiogi
286 3254 428 3323 tempora
448 3244 674 3324 perseveravit3
696 3246 747 3324 qui
767 3262 850 3319 enno
874 3238 952 3322 1274
973 3242 1006 3299 in
1026 3238 1138 3299 Conci·

49 3330 85 3389 io
112 3324 318 3407 Lugdunensi
338 3324 414 3387 iliud
434 3323 643 3396 reconciliare,
667 3324 834 3386 discordias
856 3326 938 3384 inter
956 3323 1088 3382 Graecos
1109 3331 1140 3381 et
1148 3332 1175 3386 P.
1188 3332 1238 3401 ²57

47 3412 182 3473 Latinos
211 3430 396 3491 componere
424 3430 480 3492 per
498 3406 611 3487 legatos
630 3406 806 3485 laboravit,
826 3417 857 3466 et
874 3408 1023 3466 Graecum
1044 3402 1140 3465 eccle-

47 3496 124 3555 sium
149 3494 186 3551 in
207 3494 455 3555 communionem
488 3511 506 3552 a
527 3490 666 3551 Romane
686 3490 780 3571 recipi
800 3488 906 3550 effecit.
928 3508 1033 3548 verum
1052 3484 1142 3546 unio·

47 3580 90 3637 iis
117 3574 249 3637 decreto
285 3577 394 3636 Graeci
422 3573 563 3657 plerique
592 3572 861 3651 contradixerunt3
897 3571 1065 3651 frustraque
1084 3568 1143 3628 fuit

47 3656 238 3720 iiichaelem
258 3658 472 3739 imperatorem
491 3658 635 3717 unionem
663 3656 836 3738 amplexum
855 3675 934 3728 esse,
957 3653 1141 3713 iohannem.

47 3744 239 3826 pueBecum
259 3740 476 3821 patriarcham,
499 3742 551 3821 qui
571 3739 644 3799 dum
658 3741 797 3820 privatus
819 3739 948 3815 vixerat,
969 3756 1035 3796 enm
1054 3754 1143 3795 aver-

47 3840 135 3888 satus
163 3824 278 3895 suerat,
309 3824 432 3884 tandem
455 3822 651 3905 approbasse.
693 3823 890 3882 Andronicus
910 3819 991 3879 enim
1008 3814 1145 3878 Michae-

49 3912 77 3971 is
101 3908 194 3968 filius
215 3918 246 3967 et
267 3908 414 3988 Georgius
428 3907 557 3988 Cyprius
577 3904 749 3985 patriarcha
772 3903 855 3965 illam
876 3900 1094 3982 improbarunt
1114 3907 1146 3959 ct

47 3992 312 4055 sondemnnrunt.
365 3988 561 4049 Andronicus
593 3991 684 4048 etium
712 3999 833 4070 putrem
853 4004 942 4047 suum
964 3982 1145 4043 Micbnciem

47 4075 236 4139 iefunctum
258 4070 432 4153 sepulturae
452 4092 567 4154 pompa
582 4092 619 4131 nc
639 4072 791 4132 consuetis
804 4067 976 4129 honoribus
996 4065 1144 4145 privavit,

47 4158 137 4242 ruod
161 4176 233 4217 cum
254 4157 370 4217 Latinis
402 4157 550 4216 sensisset.
593 4153 744 4215 lohannes
766 4153 878 4211 deinde
898 4150 1145 4228 contererimus,

47 4262 121 4305 :um
151 4258 203 4301 res
233 4237 355 4302 eiusad
377 4239 527 4320 angustias
550 4238 692 4300 redactae
713 4246 824 4311 essent,
847 4230 930 4295 illam
952 4231 1147 4294 ecclesiarum
