3075 4825
370 292 458 409 526
798 315 1010 383 numium

365 474 481 557 γέλω,
509 473 562 555 qui
586 467 812 555 proculdubio
841 472 866 533 ir
893 480 956 549 cst,
979 468 1065 531 caius
1086 465 1136 531 hic
1168 488 1274 533 nomen
1296 491 1312 532 a
1333 479 1408 533 anno

266 556 577 717 ¹³·2l1msmll'liiroll,
596 636 626 699 6.
674 632 709 699 sti
733 610 924 719 Νυμφαῖον]
966 634 1061 697 Urbis
1083 634 1169 694 istius
1189 652 1295 693 nomen
1314 634 1340 694 in
1355 656 1408 717 par-
1459 614 1460 665 l

364 724 446 786 tibus
471 720 604 783 Aeolidis
625 720 739 804 Lydiae
764 732 819 782 aut
842 720 945 781 lonias
972 718 1003 779 in
1027 720 1158 798 antiquis
1177 716 1349 859 Gsogrpplris
1364 740 1408 782 non

363 804 533 890 reperitur:
546 804 739 865 Ptolemaeus
750 802 864 865 Strabo
876 801 1083 884 etStsphanus
1093 802 1124 861 in
1133 800 1263 861 Taurica
1297 800 1408 883 ynplae·

364 912 418 951 um
438 888 552 949 habent
572 888 652 949 inter
674 887 914 968 Panticapaeum
948 896 979 947 et
998 883 1212 947 Theodosium.
1254 882 1408 943 Abralisnus

365 970 502 1034 Ortelius
524 970 616 1031 huius
627 970 727 1031 nostri
737 971 769 1031 in
785 968 883 1052 Lydia
898 966 1067 1052 Nymphaei
1085 964 1204 1027 nullum
1222 964 1339 1027 verbum
1350 966 1408 1031 aaa

365 1065 399 1117 at
423 1056 485 1115 Gre
506 1074 573 1115 oras
591 1050 712 1116 dnobus
734 1053 765 1113 in
788 1052 861 1115 locis
885 1049 924 1114 de
946 1072 983 1113 eo
1004 1049 1143 1132 loquitur
1164 1046 1285 1130 oppido
1303 1048 1406 1109 linoln

365 1138 444 1215 line,
463 1075 519 1197 ali
540 1136 578 1197 de
598 1134 744 1199 iohannis
762 1137 867 1197 Dusae
886 1134 990 1211 obitu,
1025 1136 1078 1216 qui
1101 1136 1132 1193 iu
1149 1152 1186 1193 eo
1207 1130 1297 1193 obiit:
1317 1133 1372 1211 περὶ
1385 1126 1408 1191 si

365 1222 541 1363 Naupal'or
566 1213 635 1281 stirs
654 1213 842 1296 ποιούμενος
861 1215 918 1291 τὰς
938 1209 1116 1297 διατριβάς.
1136 1226 1167 1279 et
1186 1213 1243 1275 lib.
1260 1214 1281 1277 6
1296 1232 1350 1311 cap
1369 1214 1407 1283 a,

364 1302 417 1365 abi
461 1300 758 1386 ePorphyrogcnito
775 1300 870 1364 rerba
884 1300 966 1363 lacit:
989 1298 1059 1362 tuat
1080 1298 1201 1369 δὲτέως
1216 1295 1288 1380 περὶ
1303 1314 1334 1359 so
1344 1297 1409 1373 Νυμ·

363 1388 463 1471 palor
483 1383 539 1466 τῆς
558 1382 687 1457 Λυδίας
707 1377 861 1465 ἐτύγχανε
881 1394 936 1445 etc.

451 1464 488 1528 P.
514 1468 581 1540 105,
597 1468 625 1531 ὅ.
647 1466 936 1543 mammonam&
945 1462 957 1549 ]
988 1462 1199 1539 Phnvorinns,
1224 1454 1330 1534 avaris
1345 1456 1409 1533 aulul

363 1548 439 1629 παρ’
455 1544 557 1630 ‘Optio
593 1542 681 1631 ,τὴν
700 1542 868 1629 ἐπιστολὴν
897 1541 983 1631 anpci
1010 1551 1075 1619 τοῖς
1089 1539 1225 1625 ὕστερον
1256 1544 1343 1629 δηλοῖ.
1369 1564 1410 1603 ra·

363 1626 442 1729 scic·
454 1630 541 1717 apud
558 1570 728 1779 &aaran
742 1632 872 1695 asamar
889 1654 941 1695 scu
957 1630 1094 1696 tabulata
1112 1627 1285 1714 signficat,
1302 1624 1411 1713 malm·

448 1794 486 1878 Β.
512 1796 580 1877 toti,
605 1820 654 1863 na.
705 1790 724 1858 d
754 1796 791 1861 dl
811 1794 909 1877 pipat
924 1788 1106 1880 pnyrlrrcap]
1158 1796 1290 1877 Magnas
1307 1792 1411 1874 ntyisltr
1460 1792 1461 1803 ’

363 1876 489 1941 militiae
518 1878 817 1966 Hierosolymitnnns
852 1890 926 1941 tuno
969 1878 1027 1941 tuit
1054 1878 1163 1941 Frater
1195 1870 1409 1941 Phitihermts

362 1960 504 2037 naitico,
531 1966 654 2027 natione
686 1962 814 2043 Gallos,
845 1974 878 2024 et
896 1972 1061 2047 antequam
1081 1982 1210 2045 magnus
1230 1960 1356 2043 magister
1369 1956 1410 2017 dt·

363 2054 429 2107 ctus
448 2042 570 2126 fuisset,
600 2047 786 2131 Aquitaniae
812 2046 912 2109 Prior.
942 2054 1060 2109 creatus
1081 2045 1139 2107 luit
1165 2044 1315 2108 sociorum
1330 2036 1410 2102 am

363 2126 422 2206 giis
450 2150 532 2191 anno
560 2132 657 2214 1595,
686 2143 722 2192 ut
739 2128 796 2191 lib.
817 2126 839 2208 4
859 2128 952 2191 tradit
982 2126 1110 2191 lacobus
1130 2127 1248 2189 Bosins.
1266 2145 1340 2189 anno
1360 2120 1411 2201 rin)

363 2210 450 2275 Pisas
470 2211 590 2297 appulit
610 2214 649 2275 ad
672 2210 842 2275 Concilium
868 2210 1019 2295 proficisci
1049 2212 1201 2295 cogitans,
1224 2222 1256 2273 et
1273 2202 1409 2295 construi

362 2294 427 2357 ensi
451 2293 599 2359 interfuit.
652 2294 797 2359 Rhodum
817 2294 927 2357 deinde
942 2294 1035 2359 rediit
1055 2315 1135 2357 anno
1150 2292 1244 2375 1420,
1263 2304 1293 2354 et
1309 2297 1409 2373 scquffllt

367 2374 441 2456 ¹4²¹
465 2379 558 2457 obiit,
588 2390 625 2444 ut
650 2380 732 2444 idem
757 2378 868 2442 Bosins
895 2376 947 2440 lib.
972 2380 990 2443 5
1019 2387 1156 2440 testatur.
1177 2396 1288 2440 rernm
1308 2373 1341 2437 dc
1355 2368 1408 2431 illius
1461 2445 1462 2450 η

363 2458 485 2542 incepto
496 2465 646 2547 Smyrnae
658 2475 793 2526 castrum
809 2466 922 2525 iterum
942 2461 1092 2524 excitandi
1113 2461 1214 2545 deque
1233 2481 1303 2522 cum
1317 2451 1409 2522 Sullam
1461 2477 1462 2538 j

361 2541 532 2606 Mehemete
553 2545 712 2630 colloquiis
732 2545 861 2608 verbnm
879 2543 997 2607 nullum
1020 2545 1103 2606 lacit.
1377 2613 1383 2628 ‚

445 2625 482 2685 P.
509 2648 578 2709 109,
600 2629 629 2690 ὅ.
670 2629 727 2692 τοῦ
747 2627 952 2712 Σουσμανοῦ]
994 2627 1161 2690 Susmanns
1182 2624 1238 2687 ille
1259 2621 1360 2707 Mysiae
1376 2635 1408 2675 u·

361 2706 484 2770 furiosis
501 2707 561 2770 dux
583 2711 663 2786 fuit,
687 2734 705 2772 a
725 2713 856 2773 Baiaaite
875 2715 963 2774 virus
983 2720 1090 2793 captus
1111 2717 1143 2771 el
1162 2711 1193 2770 in
1217 2723 1358 2769 carcerem
1373 2699 1409 2758 de·

360 2801 472 2851 trusus.
494 2802 531 2854 ut
550 2793 645 2855 vitam
656 2797 844 2876 impetraret,
870 2793 949 2856 lilius
968 2795 1048 2877 patri
1072 2789 1266 2876 cognominis
1284 2783 1411 2873 mmrrlwtj

360 2873 507 2948 nissavit,
536 2877 618 2958 qnod
645 2898 663 2938 a
689 2878 877 2938 Lennclavio
904 2877 956 2938 lib.
987 2876 1008 2942 5
1039 2877 1185 2960 scriptum
1212 2886 1267 2936 est.
1305 2872 1410 2933 susan

359 2955 512 3018 Laonicus
530 2981 654 3042 qnoque
672 2957 725 3021 lib.
750 2981 761 3021 ι
787 2963 972 3022 mentionem
992 2959 1092 3024 habet.
1135 2961 1351 3020 Cantacursnns
1366 2967 1410 3008 nt·

360 3041 450 3100 minit
470 3043 562 3102 etiam
593 3041 646 3105 lib.
669 3043 686 3103 3
708 3065 775 3127 cap.
799 3065 817 3104 a
839 3042 992 3121 Sismani3
1029 3045 1082 3126 qni
1113 3039 1272 3102 Michaelis
1291 3037 1412 3119 Mysorum

359 3123 440 3202 regis
460 3123 540 3185 lilius
559 3137 639 3205 erat,
658 3125 713 3207 qni
733 3127 772 3187 ad
793 3127 910 3189 Tuscos
934 3127 1078 3209 primum,
1098 3124 1210 3186 deinde
1233 3119 1346 3205 Cpolim
1360 3133 1411 3200 pru¹

360 3203 448 3286 sugit.
468 3202 555 3267 illum
576 3209 732 3292 repetebat
751 3207 927 3272 Alexander
946 3209 1105 3294 Mysorum
1125 3229 1199 3288 rex,
1233 3209 1286 3290 qui
1304 3191 1413 3266 Michttl

360 3299 554 3350 successerat.

443 3367 482 3430 P.
509 3392 575 3455 109,
598 3397 627 3458 7.
669 3367 751 3435 κατὰ
774 3375 832 3436 τοῦ
858 3369 982 3448 Araxos
1003 3369 1142 3455 Ναξίας]
1185 3355 1413 3436 Leunclaviusde

359 3449 415 3512 illo
434 3449 516 3514 ballo
538 3466 568 3516 et
586 3455 706 3540 praelio
724 3457 802 3518 nihil
823 3457 924 3519 habet.
968 3457 1138 3532 Laomcus,
1158 3453 1212 3516 lib.
1235 3455 1258 3532 4
1280 3473 1336 3514 non
1351 3447 1412 3536 longf

360 3555 379 3594 a
399 3535 482 3610 fine,
504 3558 588 3600 more
609 3560 665 3602 suo
693 3541 823 3602 confuso
847 3552 876 3602 et
896 3539 1037 3602 intricata
1058 3536 1134 3600 illud
1150 3547 1274 3615 namt,
1295 3545 1322 3596 ct
1338 3529 1411 3592 clsffl

358 3616 495 3679 Venetae
521 3618 631 3684 ducem
656 3621 750 3684 firisse
778 3623 904 3685 Petrum
933 3621 1149 3685 Lauredanum
1179 3621 1292 3682 asserit
1317 3613 1411 3678 „Dan

359 3697 498 3762 dissentit
522 3705 553 3764 in
582 3726 619 3766 eo
646 3705 731 3788 quod
763 3709 886 3790 scripsit
913 3706 952 3768 de
974 3705 1120 3778 Venetis,
1141 3699 1198 3784 τήν
1221 3723 1256 3762 ts
1278 3693 1410 3788 Αὰμψίῑξ(Ι

359 3782 525 3878 ποῇιξρκιζι
542 3785 801 3870 παρεστήσαντο,
829 3785 885 3850 sai
911 3783 1056 3871 φυλακήν
1076 3786 1294 3868 ἐγκατέλιπον,
1314 3777 1360 3843 ani
1372 3793 1411 3834 aa·

251 3893 256 3905 ¹
359 3881 410 3921 τοι
430 3886 546 3949 ῳχοντο
567 3867 615 3930 s’n’
635 3865 722 3932 oiston
742 3861 969 3948 ἀποπλέοντες,
989 3869 1197 3956 Lampsacum
1216 3867 1360 3930 dedinent
1374 3873 1411 3916 Μ·

360 3961 522 4037 selmum,
542 3952 737 4040 impositoque
761 3955 919 4038 pracsidio
941 3953 1063 4016 domum
1080 3955 1306 4034 musurgam·
1340 3943 1411 4004 [Μ

360 4043 442 4118 ipsos
466 4029 581 4095 frustra
608 4045 739 4100 tentasse
757 4037 864 4099 scribit
894 4048 926 4100 et
947 4037 1069 4120 Cpolim
1090 4038 1255 4118 navigasse.
1294 4029 1412 4093 phanis

361 4103 441 4168 aar
466 4115 580 4192 cap-51
604 4120 795 4200 paucissimis
816 4121 916 4184 verbis
934 4119 973 4184 ds
994 4118 1048 4182 illo
1068 4119 1148 4181 bello
1170 4117 1298 4192 disserit,
1318 4109 1411 4174 ducem·

361 4207 423 4269 quc
441 4188 544 4258 dassia
564 4200 700 4267 Venetae
727 4205 855 4270 Petrum
880 4203 1095 4270 Laurcdanum
1118 4203 1212 4266 fuisse
1232 4208 1319 4264 notat
