3075 4825
353 399 435 486 352
709 424 846 493 encta
879 423 1072 503 nistonn

353 566 527 655 thacnsino,
544 574 637 639 nono
657 573 809 636 daanimo
829 573 945 657 grande
964 585 994 635 et
1017 574 1162 657 sapientia
1183 572 1394 659 incomparabile.
1484 584 1488 638 t

289 718 292 732 ,
354 662 414 723 Nel
434 671 536 743 tempo
556 660 596 721 de
614 669 722 739 queeto
741 660 867 719 Zuanne
889 656 1076 739 imperadore
1097 660 1108 718 i
1128 660 1215 720 Torci
1241 680 1394 721 nomentano·
1486 690 1487 693 ¹

355 768 397 806 no
408 766 426 805 a
439 764 541 826 paasar
554 764 609 824 per
629 741 661 803 ln
674 741 855 823 Helesponto
869 740 907 801 dn
923 728 996 801 rlsia
1009 742 1038 801 in
1052 742 1183 823 Europa.
1202 742 1245 804 Da
1259 746 1317 805 Asin
1329 741 1394 823 pani

357 829 458 890 Omm·
474 847 534 889 oon
552 824 666 908 grande
687 824 764 886 stolo
784 825 823 886 de
840 824 956 901 'l'urci3
979 822 1096 905 elquale
1111 825 1263 887 dominare
1279 828 1394 905 Smyrna,

356 911 481 994 Epheso
502 920 534 971 et
552 908 621 969 altri
644 907 724 969 lechi
740 908 945 969 circumvicini
966 908 996 966 in
1019 907 1094 968 Asia
1114 910 1235 974 minore.
1255 911 1296 969 Da
1314 908 1396 969 Prusia

357 994 446 1077 parab
459 992 601 1065 Orchan,
615 1002 724 1051 nevote
738 990 951 1056 deOthoman.
964 989 1004 1051 Et
1020 1002 1134 1071 pensate
1146 1003 1244 1074 queste
1254 1001 1329 1052 zente
1343 990 1397 1051 bar·

356 1078 442 1152 bare,
452 1096 539 1137 come
550 1074 769 1151 latrocinatori,
782 1084 962 1156 guastarnno
974 1071 1073 1135 tutto'l
1086 1074 1254 1137 Chieroniso
1267 1085 1294 1135 et
1302 1082 1365 1134 tutte
1376 1070 1396 1130 le

355 1172 439 1223 terre
459 1160 609 1221 maritime
619 1156 774 1221 deTrncia
787 1178 874 1218 renna
885 1178 981 1237 paura
994 1166 1024 1217 et
1036 1177 1124 1217 senza
1139 1168 1281 1219 contracto
1292 1156 1324 1217 de
1334 1157 1398 1215 hoste

356 1264 484 1306 veruna.
527 1241 710 1301 Discerneno
732 1239 793 1301 fine
814 1238 1065 1301 elDidimoticho
1086 1250 1116 1301 et
1137 1262 1221 1303 verso
1241 1240 1267 1302 la
1287 1240 1336 1304 citi
1354 1237 1397 1295 line

357 1328 390 1387 in
409 1324 568 1396 Silvieria,
591 1322 782 1406 subiugando
815 1332 893 1385 tutta
913 1324 1030 1387 Tranio.
1073 1322 1131 1384 Nel
1153 1336 1249 1406 tempo
1269 1322 1302 1383 de
1318 1328 1399 1403 questo

358 1410 489 1471 Zuenne
508 1405 693 1487 Paleclogo,
714 1405 841 1467 essendo
857 1426 971 1467 ancora
992 1408 1025 1466 in
1047 1416 1153 1470 tenera
1172 1408 1235 1483 eti,
1255 1405 1281 1467 la
1298 1404 1357 1465 isola
1371 1402 1399 1459 de

359 1492 432 1555 Anio
456 1491 487 1551 lo
514 1510 604 1572 prese
636 1491 676 1551 da
696 1489 836 1549 Zenueai.
876 1490 904 1551 lc
936 1487 1034 1549 insule
1062 1488 1100 1550 de
1132 1488 1316 1571 l'Arcipolago
1333 1486 1399 1546 lorcn

360 1594 449 1656 prese
468 1573 506 1635 da
527 1571 644 1647 latini,
669 1570 753 1654 quali
774 1592 886 1635 venero
905 1570 944 1633 da
957 1572 1088 1636 Navata.
1131 1574 1172 1635 Et
1190 1572 1282 1634 tutto'l
1300 1569 1400 1648 Pelope·

361 1678 457 1735 neao,
487 1667 610 1737 excepto
629 1652 882 1717 Lacbiedemonia
910 1666 940 1715 et
973 1656 1170 1735 lllonovasia,
1190 1668 1219 1717 et
1238 1655 1264 1717 le
1281 1650 1400 1723 Phnebie,
1484 1713 1486 1722 ,

363 1741 392 1802 le
414 1738 505 1823 quale
533 1759 609 1800 sono
643 1736 674 1799 in
697 1737 801 1819 l'Egeo
828 1738 953 1821 pelig03
974 1736 1092 1819 leqnale
1112 1739 1203 1801 soron
1220 1758 1298 1821 prete
1312 1736 1342 1796 da
1358 1736 1402 1794 Ge-

323 1825 458 1891 rsnueei.
484 1820 520 1882 ln
541 1830 650 1903 questo
669 1820 834 1891 medesimo
854 1842 938 1883 anno
959 1820 1036 1883 mori
1059 1823 1202 1899 Orchan,
1224 1818 1343 1882 lamando
1359 1815 1402 1875 du·

361 1906 419 1967 cha
439 1904 490 1967 del
507 1924 563 1965 eno
583 1924 673 1985 paene
691 1902 771 1966 male
794 1906 946 1987 aquietato
967 1904 996 1964 el
1017 1924 1073 1965 suo
1085 1906 1136 1967 liol
1154 1904 1283 1970 Munatii.
1302 1900 1334 1963 El
1350 1894 1403 1981 qual

360 2010 449 2071 preco
471 1988 528 2049 che
550 1986 651 2049 hebbe
673 1984 703 2048 le
724 1997 806 2049 terre
827 1988 866 2050 de
879 1986 988 2048 Tratia
1007 2008 1063 2069 per
1080 1988 1219 2061 assedio,
1238 1988 1403 2048 ultimanente
1478 2017 1486 2052 2

360 2093 449 2155 prese
463 2066 685 2153 Andrienopoli
708 2078 824 2174 etpita
844 2069 874 2131 la
896 2070 1053 2132 Thessalia
1073 2083 1196 2155 excepto
1215 2066 1363 2132 Salonielro.
1383 2072 1405 2123 el

361 2152 1404 2321 ttttt'ttttttltlttttttllessssttltt‘tdtllttlt

363 2319 395 2383 le
415 2320 566 2403 provintie
587 2319 616 2381 le
636 2320 697 2381 citii
715 2329 746 2380 et
766 2317 796 2381 le
817 2318 952 2399 castelle,
972 2318 1001 2381 le
1015 2322 1125 2383 misere
1152 2322 1250 2383 enimc
1270 2314 1405 2379 Christiane
1488 2364 1489 2367 ,

361 2402 514 2466 mendane
543 2423 600 2485 per
628 2402 655 2464 el
680 2413 836 2484 portnnno
857 2425 941 2465 mare
963 2400 1189 2467 mediterraneo
1208 2404 1245 2466 dc
1264 2398 1404 2462 Chieroniec

363 2489 395 2548 in
416 2485 496 2568 paesi
518 2484 630 2550 diversi
659 2506 713 2567 per
733 2483 761 2545 la
783 2487 858 2548 Asia
888 2485 1023 2570 grande,
1044 2509 1132 2550 come
1156 2487 1185 2550 ln
1205 2498 1281 2549 sorte
1299 2482 1405 2550 cadere,

363 2569 396 2630 in
425 2567 543 2628 servitii
571 2566 639 2628 dele
668 2568 801 2630 barbare
833 2581 944 2649 cente,
976 2568 1080 2632 lontan
1116 2571 1157 2633 da
1186 2570 1214 2632 ln
1236 2568 1323 2652 patria
1342 2557 1406 2624 edel

362 2659 524 2731 conspecto
542 2648 575 2710 di
595 2651 657 2711 cari
677 2651 812 2731 parenti,
845 2651 899 2712 and
919 2651 977 2714 elie
996 2653 1267 2716 sdementicandosi
1288 2646 1330 2710 del
1347 2643 1408 2706 ruta

363 2733 433 2795 dela
452 2753 523 2794 vera
556 2731 624 2794 fede
643 2753 720 2794 evan
741 2732 817 2794 elica
846 2734 1056 2798 deventaesino
1074 2737 1259 2799 Murnlmani
1277 2745 1305 2796 et
1322 2725 1409 2792 ininici

364 2815 434 2880 dela
454 2823 559 2878 sancta
583 2835 683 2877 crooe.
756 2814 876 2878 edendo
903 2819 1047 2901 adunque
1075 2831 1184 2902 queste
1199 2840 1266 2881 cnse
1282 2824 1356 2879 tanto
1372 2828 1410 2869 ⁰1·

365 2898 459 2960 ribile
478 2908 512 2960 et
528 2896 673 2997 crudele,
696 2898 813 2996 Lazaro
831 2900 900 2963 liolo
921 2903 960 2964 de
980 2903 1126 2981 Stelano,
1148 2904 1264 2985 dispote
1282 2897 1342 2995 dela
1358 2895 1411 2991 §ers
1490 2974 1493 2983 Ι

364 2980 847 3147 tetenderint
866 3003 896 3128 i
916 2971 1413 3150 :tetenetztnetl

425 3147 475 3208 nia
499 3145 538 3208 de
560 3147 696 3209 Cossovo
720 3148 759 3208 de
778 3147 838 3230 qud
862 3149 912 3211 dal
932 3149 1024 3212 liume
1051 3152 1205 3214 chiamato
1226 3151 1352 3220 sienim,
1368 3157 1412 3202 ποῦ

378 3233 444 3290 onai
465 3227 536 3290 dala
554 3229 659 3290 rioche
693 3231 753 3291 cite
774 3231 813 3292 de
833 3231 1048 3312 Novamonte,
1071 3234 1199 3298 inathen
1219 3235 1253 3295 te
1273 3233 1309 3294 de
1323 3231 1413 3307 Bonna

365 3311 480 3374 mando
503 3308 645 3373 Vlathico
666 3313 864 3395 Vingenichio
891 3337 947 3378 sno
967 3325 1080 3400 nepote
1098 3340 1156 3380 oon
1182 3319 1242 3379 XX
1262 3307 1413 3378 initiante

367 3397 428 3458 toni
456 3393 638 3456 combatenti
670 3397 702 3456 in
733 3397 816 3458 aiuto
849 3396 888 3460 de
909 3401 1024 3462 Lazaro
1042 3422 1100 3464 sno
1121 3403 1225 3462 vicino
1245 3411 1276 3462 et
1294 3399 1412 3459 consorte·

366 3477 520 3539 Ordinato
539 3477 846 3562 ednnqnelazarola
865 3502 920 3544 aue
942 3495 1039 3558 rente,
1064 3496 1095 3545 et
1108 3485 1167 3546 ben
1189 3485 1318 3566 disposto
1337 3477 1361 3539 el
1376 3487 1414 3532 ⁵1¹⁰

367 3563 522 3639 exercito,
543 3581 601 3622 eon
624 3562 739 3642 grande
758 3563 859 3624 animo
880 3573 911 3625 et
929 3563 1131 3630 efficnciisima
1152 3571 1289 3629 cretione
1306 3557 1415 3624 ammira

367 3654 400 3705 et
423 3643 695 3704 confortaverunt
715 3643 902 3708 iChristiani
923 3668 942 3709 a
963 3649 1140 3712 combatere
1159 3651 1378 3714 valorosameale
1393 3641 1416 3693 tl

368 3726 532 3788 vendicare
550 3735 637 3787 tante
656 3727 857 3806 ignominiose
868 3729 960 3792 offese
979 3744 1009 3793 et
1027 3733 1130 3794 damni
1154 3725 1366 3817 incomparabili
1381 3737 1417 3779 rt·

367 3813 478 3888 renuti,
498 3820 692 3871 overnmente
704 3813 1072 3893 amorirgloriosamente
1091 3837 1147 3900 per
1167 3839 1254 3878 amor
1274 3816 1311 3876 de
1325 3806 1418 3870 Christo

368 3903 474 3954 nostro
502 3891 695 3974 redemptore
714 3903 744 3953 et
763 3913 821 3975 per
842 3895 1015 3959 defensione
1027 3899 1096 3962 dela
1115 3921 1187 3961 cara
1207 3904 1318 3984 patrie,
1336 3893 1362 3952 di
1377 3887 1417 3964 fit·

370 3971 457 4053 lioli,
479 3976 512 4036 di
531 3976 669 4058 parenti,
700 3974 768 4036 dele
789 3975 858 4038 sede
878 3989 912 4040 et
934 4001 1019 4042 sacra
1039 3993 1070 4044 et
1089 3996 1195 4045 cancta
1219 3984 1300 4065 legge
1316 3987 1420 4052 enni*

370 4051 427 4115 lien
448 4069 527 4119 sotto
548 4058 694 4142 l'inaegna
713 4057 781 4120 dela
804 4072 906 4122 sancta
927 4085 1027 4125 croco.
1069 4065 1218 4128 Dal'altra
1238 4075 1319 4148 parte
1335 4056 1359 4118 el
1375 4053 1419 4112 du·

371 4155 407 4195 ca
428 4138 557 4200 Amornt
583 4163 637 4224 per
667 4150 753 4203 unte
784 4144 930 4224 aquistate
951 4149 1076 4210 victorie
1105 4171 1167 4210 non
1191 4169 1296 4211 maneo
1313 4133 1420 4222 superbo

371 4215 429 4278 che
488 4233 569 4282 tente
598 4226 739 4300 inimico,
767 4226 923 4287 sitibundo
941 4227 991 4291 del
1013 4252 1126 4313 sangine
1146 4233 1334 4302 Christiano,
1350 4217 1420 4282 ord*

373 4297 451 4363 ade
484 4322 541 4400 pro
561 4309 691 4368 exercito
708 4328 765 4370 con
785 4309 902 4392 grande
922 4315 1037 4394 partica
1056 4313 1123 4376 dele
1142 4337 1213 4378 cose
1236 4307 1360 4376 militari·
1390 4297 1421 4359 El
