3075 4825
273 316 432 383 iratior
467 288 717 383 inmaritata
751 284 941 383 incanross
1063 292 1152 411 469

76 480 106 533 et
125 492 157 533 ee
178 471 201 533 ei
222 475 347 535 trorarb
369 472 499 557 qualche
516 495 585 535 cosa
605 472 773 547 indirecta,
795 494 854 535 con
877 472 1019 535 maturitb
1042 483 1073 535 et
1091 496 1154 541 con

76 555 222 637 conaeglio
246 556 275 619 la
293 578 524 619 corraaernnno.
588 558 629 617 Et
649 558 777 618 fermnta
797 567 902 639 questa
922 556 1153 638 deliberatione,

77 636 103 697 la
123 636 211 720 quale
232 658 250 699 a
271 646 340 701 tntti
364 642 513 722 piaeque,
538 641 755 702 cominearono
775 661 838 700 nna
858 660 953 699 messa
975 640 1072 701 molto
1092 642 1154 702 sol·

75 721 169 780 lemne
196 722 228 781 in
255 721 285 783 la
305 723 417 784 cbieaia
479 722 575 796 ande,
599 722 752 785 celebrata
767 722 806 784 da
830 725 919 784 Greci
942 730 975 783 nt
995 723 1035 781 da
1053 724 1154 785 Latini

75 804 104 863 in
126 805 259 879 unitate,
279 808 310 865 in
332 804 362 865 la
384 744 478 888 quali
496 807 600 865 feceno
622 807 915 867 commemoratione
935 804 974 865 de
993 826 1075 888 papa
1097 808 1156 867 Ni·

76 884 158 963 colit,
181 886 289 948 elbora
310 888 458 969 pontefice
480 887 629 955 Romano.
656 892 700 949 La
719 889 790 971 qual
812 910 906 949 messa
928 889 1052 949 carendo
1070 904 1156 950 tom-

75 967 144 1048 pita,
164 970 197 1031 lo
220 972 361 1031 scandito
386 970 414 1033 el
432 971 602 1053 patriarcha
625 974 786 1055 Gregorio,
807 970 847 1032 ali
868 971 929 1032 Xll
958 971 997 1032 de
1025 973 1155 1033 Decem·

77 1050 144 1111 brio
164 1064 195 1114 et
217 1074 301 1115 anno
324 1050 418 1139 6961.
438 1054 525 1117 Molti
544 1054 658 1115 sorano
677 1054 698 1115 li
719 1052 803 1138 quali
824 1076 884 1115 nnn
903 1053 1027 1114 volseno
1046 1056 1155 1140 toglie·

50 1142 52 1147 '
76 1156 108 1195 re
128 1136 177 1195 del
199 1136 361 1214 antidaro,
383 1136 610 1199 abbominando
630 1138 734 1221 quello
757 1158 814 1218 per
831 1158 911 1197 esser
931 1146 977 1197 sta
999 1136 1155 1198 celebrato

77 1216 105 1277 in
126 1217 155 1279 la
175 1239 281 1281 mensa
299 1219 380 1280 della
400 1220 524 1282 unione.
582 1218 621 1280 El
640 1220 812 1293 cardinale,
832 1220 889 1280 che
907 1240 962 1280 era
981 1220 1080 1281 Greco
1100 1242 1158 1303 per

76 1310 202 1373 natura,
228 1322 277 1363 ma
305 1300 460 1365 catholico
488 1311 520 1365 et
542 1302 637 1364 molto
671 1306 778 1380 nario,
810 1302 927 1363 benene
947 1303 1105 1364 intendere
1127 1303 1158 1365 le

74 1375 266 1447 simulatione
283 1394 315 1445 et
333 1385 434 1447 falaitb
456 1386 495 1447 de
505 1387 606 1463 Greci,
627 1396 782 1447 montrera
805 1406 867 1446 non
891 1384 1055 1447 intendere.
1075 1387 1158 1446 Rene

75 1464 236 1528 intendere
266 1470 327 1541 lui,
353 1468 411 1530 cha
440 1488 494 1530 era
517 1469 556 1529 de
579 1479 668 1551 gente
686 1476 808 1543 Greca,
834 1468 890 1529 cbe
909 1468 939 1527 la
958 1468 1059 1529 radice
1080 1467 1219 1529 deilaatti

76 1551 236 1629 superbia,
266 1549 286 1610 li
310 1551 389 1613 remi
409 1550 490 1613 della
517 1572 592 1613 vana
612 1553 725 1633 gloria,
752 1563 784 1613 et
801 1552 834 1612 ln
850 1552 926 1612 tiore
944 1551 1024 1611 della
1045 1573 1160 1634 pompa

77 1652 169 1693 erano
205 1634 334 1695 naseinti
366 1634 446 1697 della
468 1635 663 1717 generatione
685 1636 716 1696 di
739 1635 851 1711 Greci,
888 1636 908 1695 li
930 1635 1013 1717 quali
1033 1646 1112 1699 tutte
1131 1635 1161 1695 le

77 1726 161 1776 ronta
188 1714 419 1799 despreaavano.
469 1720 521 1779 Ma
554 1738 617 1778 non
648 1738 801 1801 sapevano
828 1716 850 1777 li
882 1717 985 1778 miseri
1009 1718 1161 1800 ignoranti

76 1796 149 1858 cb'el
171 1820 264 1861 zorno
293 1820 345 1861 era
364 1820 512 1883 appresso
536 1800 592 1861 che
620 1802 756 1863 deveano
786 1800 883 1862 ander
911 1803 944 1860 in
964 1802 1109 1881 captivitl
1128 1810 1161 1863 et

77 1878 234 1962 despregio
257 1882 296 1943 de
315 1893 393 1943 tutte
413 1885 441 1944 le
462 1883 660 1965 generatione
683 1883 732 1945 del
756 1882 881 1944 mundo.
900 1882 1039 1944 oGrecil
1061 1903 1081 1944 o
1103 1904 1160 1943 nc·

77 1966 144 2022 me!
165 1983 184 2021 o
213 1963 314 2044 lingna
336 1963 494 2045 preclara!
521 1978 635 2048 quanto
656 1968 698 2027 sei
729 1966 972 2042 lactnobscura,
989 1965 1161 2027 adulterata

76 2042 116 2102 ‹la
136 2046 208 2126 ogni
231 2056 318 2107 sente
339 2068 395 2127 per
415 2046 437 2107 li
459 2050 554 2109 vostri
576 2046 780 2109 irremissibili
801 2049 932 2128 peccati,
956 2065 1009 2129 per
1029 2048 1059 2108 le
1081 2047 1162 2108 blas·

74 2126 182 2202 femie,
204 2148 268 2209 per
286 2130 305 2189 li
327 2128 466 2209 periurii.
510 2131 634 2208 Quante
654 2130 737 2192 volte
759 2132 872 2192 havete
891 2130 989 2190 iurato
1012 2130 1161 2191 observa-

76 2229 108 2269 re
130 2209 158 2269 el
178 2208 303 2271 decreto
326 2212 406 2273 della
426 2214 541 2273 unione
555 2212 635 2275 della
647 2213 758 2274 chiesia
781 2213 944 2274 Orientale
962 2234 1022 2273 con
1044 2212 1074 2272 la
1094 2214 1159 2273 Oc·

77 2292 227 2353 cidentale
243 2297 310 2354 insu
332 2296 360 2355 la
383 2306 498 2357 sacrata
517 2316 607 2357 croce
628 2295 665 2356 de
681 2297 804 2357 Christo
825 2316 884 2356 con
908 2304 1000 2355 tanto
1024 2295 1158 2355 misterio

78 2376 247 2454 celebrato,
279 2375 396 2440 basiate
414 2400 472 2440 con
504 2376 533 2439 la
554 2379 674 2441 boccha
696 2390 809 2443 vostre.
851 2378 938 2442 Colla
960 2376 1079 2438 boccba
1100 2398 1160 2438 vo·

78 2469 138 2520 atra
160 2459 273 2521 berete
295 2482 355 2522 con
377 2463 659 2533 excomunicatione
680 2461 887 2524 inrevocabile
907 2460 1105 2522 inmaledicto
1126 2471 1161 2520 et

80 2553 217 2603 exacrato
245 2547 317 2605 tutti
348 2547 440 2625 quelli
472 2545 527 2606 obe
557 2546 731 2606 contr-adiri
753 2567 773 2606 o
793 2543 966 2606 contraierit
986 2544 1015 2604 al
1035 2543 1160 2604 decreto

81 2624 156 2685 della
184 2627 301 2712 anione
332 2626 410 2688 delle
438 2629 489 2688 doi
511 2627 623 2689 cbiesie
651 2627 823 2690 catholicbe
852 2630 952 2690 Greca
973 2637 1005 2687 et
1027 2627 1157 2699 Latina,

79 2705 227 2770 affirmato
247 2709 286 2770 da
307 2709 411 2772 tntto¹l
446 2710 702 2772 Christianiasimo
722 2711 773 2772 nel
793 2729 880 2772 eacro
922 2708 1055 2770 concilio
1076 2710 1159 2790 Lug-

79 2789 233 2870 dunenae,
255 2793 304 2853 nel
324 2803 428 2874 tempo
448 2793 499 2855 del
517 2797 622 2875 primo
645 2795 811 2876 Paleologo
833 2791 1005 2874 imperador
1025 2792 1057 2852 di
1078 2793 1159 2851 Gre-

78 2875 121 2948 ci,
143 2877 194 2954 poi
216 2877 269 2936 nel
287 2877 421 2937 concilio
436 2877 642 2954 Florentino,
664 2879 714 2937 nal
733 2886 837 2958 tempo
857 2876 897 2936 de
917 2875 1024 2938 loanni
1048 2874 1158 2935 ultimo

78 2954 269 3038 imperadore
298 2956 330 3019 di
358 2960 465 3020 Romei
495 2961 624 3042 (perche
653 2960 854 3024 Constantino
883 2958 1051 3040 Paleologo
1078 2978 1159 3038 pro·

76 3033 254 3120 imperador
280 3051 421 3122 presente
444 3061 513 3102 non
538 3043 569 3104 lo
588 3049 767 3118 coronato),
790 3044 999 3103 ultimamente
1018 3045 1048 3100 in
1072 3053 1159 3101 nesto

75 3141 160 3183 sacro
181 3123 358 3185 ministerio
379 3125 592 3187 concelebrato
607 3125 655 3186 dal
669 3125 846 3208 patriarcba
858 3133 963 3186 vostro
984 3143 1002 3183 e
1015 3061 1072 3184 dal
1087 3143 1158 3184 car·

77 3203 171 3268 dinale
200 3207 245 3268 de
274 3205 401 3285 Roscia,
428 3207 530 3289 legato
562 3209 750 3290 apostolico,
774 3209 824 3268 nel
842 3227 937 3268 nome
954 3204 1035 3267 delia
1054 3216 1159 3266 nancta

74 3289 187 3351 trinita.
235 3289 265 3350 0
281 3291 377 3350 Greci
396 3292 520 3352 oatinati
538 3309 557 3352 e
577 3291 725 3371 speriuri,
751 3293 797 3352 rei
819 3289 858 3352 de
879 3291 957 3350 tenti
977 3292 1158 3362 sacramenti

75 3370 198 3447 violati,
229 3366 300 3434 delli
321 3373 404 3458 quali
425 3393 488 3436 non
509 3393 548 3435 re
570 3373 644 3434 ciete
659 3375 718 3434 mni
738 3375 869 3454 pentitii
892 3382 976 3434 tante
995 3373 1080 3434 volte
1102 3371 1161 3432 ba·
1236 3375 1239 3378 ’

75 3465 139 3516 vete
158 3477 214 3538 per
249 3457 364 3518 malitia
389 3466 422 3517 et
441 3457 585 3539 snperbia
619 3455 713 3517 offesa
731 3457 760 3516 la
781 3456 906 3517 malenti
925 3456 1043 3517 divina.
1086 3453 1158 3514 Non

78 3539 174 3599 volete
200 3539 388 3600 bumiliarve
404 3545 436 3602 'a
457 3540 527 3616 dio,
562 3538 619 3601 che
638 3539 671 3601 vi
690 3548 820 3600 remetto
849 3539 877 3599 el
928 3550 1033 3600 eccato
1054 3547 1160 3597 rostro

82 3617 156 3682 della
174 3623 332 3684 blasfemia
353 3632 385 3683 nt
405 3622 454 3684 del
468 3625 606 3706 periuro.
627 3641 692 3682 non
713 3621 821 3682 vedete
841 3559 927 3682 cb’el
940 3630 1068 3704 peccato
1089 3640 1161 3678 sen·
1286 3647 1292 3658 ·

81 3721 112 3762 za
131 3705 320 3767 consessione
339 3715 372 3767 et
390 3727 479 3768 senza
502 3705 707 3788 penitentiae
728 3704 934 3766 irrimiaaibili.
981 3701 1160 3762 meritevol-

81 3797 178 3850 mente
215 3786 360 3870 adunque
387 3790 461 3865 voi,
493 3809 582 3850 corne
610 3789 631 3849 li
662 3787 761 3850 anei
794 3787 835 3850 de
858 3788 1067 3856 Hierusalem,
1091 3784 1162 3844 fora

81 3865 156 3930 della
176 3871 276 3952 patria
297 3881 401 3932 vostra
421 3871 568 3933 andarete
586 3890 644 3953 per
666 3872 694 3933 el
714 3869 830 3932 mnodo
850 3872 967 3952 sparsi,
985 3869 1061 3927 collo
1084 3887 1161 3947 pena

80 3951 244 4028 pianzendo
264 3953 292 4014 el
314 3959 441 4035 peccato
463 3963 578 4020 vodio.
617 3953 688 4014 Non
708 3954 819 4016 berete
837 3955 947 4014 voluto
963 3952 1161 4011 comunicnre

82 4033 221 4118 eloorpo
241 4035 279 4098 c'l
307 4057 422 4120 sangae
441 4038 624 4098 inmaculato
645 4035 683 4114 de
705 4037 829 4098 Christo
849 4057 907 4116 per
925 4036 953 4093 le
973 4053 1062 4092 mane
1087 4029 1218 4117 delli257

81 4119 156 4258 ,tamti
187 4119 278 4180 Greci
300 4120 436 4182 secundo
469 4121 595 4184 l'ordine
627 4118 706 4180 della
730 4118 842 4180 chiesia
859 4125 962 4178 vostra
983 4115 1156 4190 Orientale,

82 4229 83 4232 ¹
130 4201 202 4288 qnt
222 4205 274 4268 voi
293 4201 443 4268 &amate
463 4224 516 4267 arn
536 4225 554 4267 a
574 4203 686 4286 nmplo
706 4201 738 4265 di
759 4198 863 4266 sentiit
883 4218 941 4283 par
953 4217 1067 4262 ermae
1088 4199 1159 4261 uni·
