3075 4825
464 244 522 309 ao
551 237 640 308 car.
669 235 734 308 xx.
764 235 912 310 norae.
1132 221 1216 340 575

137 402 308 484 scripsisse3
330 398 379 460 vel
400 400 423 460 si
447 397 581 481 Augusto
601 414 702 462 mense
716 399 867 462 lohannes
882 401 1003 483 imperii
1024 399 1218 469 administra.

135 508 173 549 re
193 507 242 549 res
261 484 376 566 eoepit,
398 503 455 564 pro
476 504 555 544 anno
572 483 653 566 b95d
676 483 837 566 legendum
859 505 921 546 esse
942 505 1022 546 anno
1041 487 1135 570 6955.

198 569 262 632 Ῥ.
288 587 353 643 roa,
375 587 405 644 o.
455 557 473 622 ti
500 565 536 626 di
559 564 710 643 βασιλεῦς
734 562 888 650 Ἰωάννης]
942 566 1094 633 Phranzes
1115 571 1170 636 tib.
1199 589 1229 638 ν’

135 635 719 816 erenaeinuere
735 652 935 817 naua
956 653 1083 797 eri:
1101 655 1223 802 ten

641 778 650 808 t
928 777 937 808 1

135 840 221 881 anuo
245 816 340 900 νάπη,
366 837 468 878 mense
498 815 669 898 Septembri
694 820 869 899 nuptiarum
897 813 1042 880 solemnia
1070 820 1224 886 celebrata

133 924 203 964 esse
221 901 338 968 scribit.
367 911 399 960 at
424 901 574 961 leonicus
595 919 700 960 serum
722 899 862 962 ordinem
891 901 1076 982 perturbans
1097 918 1223 982 narret,

133 997 298 1069 postquam
338 983 522 1044 marchionis
556 983 789 1065 Morpepapr'ag
815 983 878 1044 ulia
913 983 1096 1068 aufugisset,
1132 988 1225 1051 eiiam

134 1087 269 1130 uxorem
288 1067 455 1128 Iohannem
476 1066 596 1135 duxisse
615 1060 677 1125 tini
696 1065 948 1146 τῆςΣαρματάις
968 1067 1026 1130 τοῦ
1045 1069 1225 1150 §appear

134 1147 291 1233 ἡγεμόνος
310 1148 485 1234 θυγατέρα.
505 1173 523 1210 e
542 1147 711 1227 Sarmatia,
731 1147 956 1224 Sarmatarum,
976 1149 1008 1212 id
1030 1163 1076 1214 est
1098 1155 1224 1218 Russise

135 1255 194 1297 seu
213 1235 403 1310 Memoriae,
432 1235 510 1313 regis
523 1231 643 1317 filiam.
672 1231 755 1315 qnod
781 1231 900 1294 duobus
921 1231 1049 1296 testibus
1070 1235 1226 1300 Duceret

135 1317 277 1383 Phranzi
297 1326 466 1400 repugnet,
489 1315 542 1398 qui
563 1318 686 1378 tertiam
712 1315 853 1378 Iohannis
874 1336 1001 1380 uxorem
1020 1317 1225 1405 Trapezunti·

135 1405 172 1466 ni
193 1405 236 1466 im
259 1400 390 1463 cratoris
407 1397 500 1460 filiam
521 1417 587 1460 esse
606 1406 758 1461 asserunt.

225 1423 262 1547 pi·
288 1503 363 1557 ron,
398 1483 443 1546 15.
485 1476 501 1544 ri
526 1478 679 1561 βασιλεὸς
706 1481 743 1544 δὲ
772 1471 901 1560 ἀπάρας
928 1478 991 1544 dni
1020 1483 1224 1548 Kmroruru-

135 1565 255 1651 roam]
277 1569 418 1628 .-Auetor
437 1577 541 1629 noster
559 1565 656 1627 trium
677 1585 808 1626 urorum
829 1564 974 1627 Iohannis
996 1566 1155 1630 historiam
1177 1567 1226 1632 di·

136 1652 295 1736 gressione
314 1671 387 1713 usus
407 1649 551 1713 hactenus
574 1652 733 1732 pertexuit.
748 1647 830 1711 redit
851 1649 992 1733 deinceps
1013 1651 1052 1714 ed
1073 1653 1226 1716 narratio-

136 1740 188 1796 nis
206 1736 337 1812 seriem,
357 1735 539 1816 exponitque
558 1730 709 1794 htanueiis
731 1734 763 1793 in
790 1729 1034 1814 Peloponnesum
1054 1735 1225 1818 profectio.

136 1817 232 1896 neni3
255 1835 348 1900 qnam
370 1815 540 1898 imperator
560 1811 649 1877 hicce
669 1836 751 1876 anno
776 1813 941 1876 adveutum
955 1817 1061 1878 Annae
1081 1841 1099 1881 n
1120 1819 1228 1882 Russia

136 1903 279 1984 sequenti
299 1908 377 1960 teste
397 1898 537 1960 Phranze
555 1897 701 1980 suscepit,
730 1897 840 1959 muudi
861 1917 971 1980 nempe
989 1899 1092 1983 6923,
1115 1902 1228 1965 Christi

142 1982 245 2062 ¹415,
273 1983 358 2043 cuius
393 2001 495 2044 mense
522 1981 634 2044 Martio
654 1981 705 2042 die
729 1981 767 2041 23
795 1981 826 2042 in
851 1981 1080 2045 Cenchreorum
1103 1993 1226 2066 portum

137 2069 243 2127 salvus
263 2069 357 2127 uenit.
379 2085 462 2126 anno
483 2065 593 2126 deinde
619 2074 764 2146 sequente
783 2062 867 2146 6924
893 2062 1014 2148 Cpolim
1031 2067 1131 2128 rediit.
1150 2089 1227 2150 pro.

139 2148 283 2211 sectionis
304 2146 384 2209 iliius
405 2149 591 2210 mentionem
613 2147 685 2210 iacit
702 2145 851 2208 Laeuinus
873 2147 924 2209 lib.
945 2147 982 2228 4,
1006 2147 1227 2214 Hexauriiium.

139 2254 218 2316 que,
245 2231 327 2314 quod
357 2243 387 2293 et
406 2231 564 2293 Phranzes
583 2241 727 2308 testatur,
759 2230 799 2290 ab
820 2251 857 2292 eo
881 2231 1041 2300 refectum.
1072 2233 1226 2298 Martinus

138 2335 218 2400 papn
230 2315 259 2376 V
272 2312 474 2398 indulgentias
494 2314 645 2400 plenarias
656 2321 766 2398 postea
787 2313 935 2376 concessit
955 2310 1013 2377 iilis
1035 2317 1089 2400 qui
1111 2317 1148 2380 ad
1164 2319 1226 2382 He.
1296 2368 1298 2372 .

137 2398 296 2461 remilium
313 2399 570 2483 propugnandum
593 2397 677 2461 abire
696 2395 821 2460 veilent.
844 2401 988 2483 quoniam
1003 2419 1078 2463 uero
1090 2401 1130 2465 de
1143 2403 1227 2465 Cen.

138 2483 305 2547 chreorum
317 2481 419 2546 navali
433 2494 464 2545 et
481 2494 576 2567 portu
599 2480 649 2544 hic
668 2483 784 2543 mentio
806 2482 916 2545 iniecta
929 2494 992 2563 est,
1014 2484 1158 2547 lectorem
1172 2488 1227 2549 sd-

140 2566 333 2628 monebimua
361 2564 582 2629 Leunclavium
597 2565 648 2627 lib.
662 2564 699 2645 ¹4
716 2566 784 2626 hist.
807 2563 950 2628 Musuim.
971 2578 1002 2629 et
1018 2566 1048 2629 in
1062 2568 1228 2635 Pandeetis

139 2650 286 2712 historiae
303 2650 453 2711 Turcicae
487 2672 553 2733 cap.
578 2670 634 2715 rao
670 2670 725 2710 nec
748 2648 806 2711 sibi
833 2660 974 2712 enomere
991 2670 1050 2713 nee
1068 2655 1227 2717 veritatem

139 2734 318 2797 adsecutum
348 2735 474 2795 omnino
506 2754 579 2796 cese.
600 2753 662 2795 non
687 2732 745 2794 sibi
765 2731 872 2794 similis
902 2742 966 2806 est,
999 2734 1083 2817 quod
1113 2736 1167 2798 lib.
1191 2736 1227 2819 ed

140 2820 292 2880 Gereuten
323 2818 355 2876 in
383 2817 497 2879 Isthm0
526 2816 723 2879 Corinthiaco
750 2836 847 2899 prope
875 2815 1060 2879 Corinthum
1080 2817 1228 2901 collocet,

139 2920 305 3047 {hilii
330 2898 1094 3045 iiiiiiiiioii'iiiiii„iiiiii‘iiii,‘iiii
1113 2905 1228 3049 iiiiii

140 3080 207 3129 tem
234 3068 346 3149 partim
377 3064 539 3128 adsecutus
563 3077 627 3143 est,
655 3086 726 3127 eum
755 3067 908 3127 Geremen
931 3067 961 3126 in
985 3066 1101 3129 lathmo
1122 3070 1229 3133 Corin·

139 3150 246 3212 thiaco
263 3168 359 3232 prope
380 3148 564 3211 Corinthum
590 3150 679 3213 eitam
704 3148 799 3209 dixit:
828 3159 859 3210 at
879 3148 1043 3212 Corinthus
1071 3172 1135 3213 uon
1160 3164 1228 3234 est,

140 3234 195 3297 sed
216 3233 389 3295 Cenchreae
407 3233 440 3295 iu
449 3232 597 3296 Saronico
617 3232 697 3310 sinu,
718 3232 773 3293 ubi
793 3230 948 3315 quondam
973 3232 1097 3298 sumunt
1117 3236 1229 3299 Corin·

140 3318 282 3379 thiorum
301 3316 430 3376 natalia.

230 3400 267 3461 P.
291 3400 359 3472 103,
376 3398 406 3460 6.
449 3398 524 3481 Cep.
539 3418 588 3459 2¹.
630 3395 833 3459 Leuneiavius
852 3396 922 3459 hist.
946 3400 1087 3462 Musulm.
1107 3398 1159 3463 lib.
1179 3420 1226 3481 rs,

143 3495 176 3547 et
197 3486 228 3544 in
251 3482 422 3543 Annaiibus
441 3480 600 3554 Tuccius,
620 3480 818 3563 expeditionis
842 3481 1022 3545 Mohsmetis
1043 3494 1149 3545 contra
1172 3486 1226 3545 Ci.

143 3570 277 3638 neitem,
299 3567 352 3647 qni
382 3564 426 3625 illi
446 3562 643 3648 lsmyroglius
672 3576 736 3638 est,
766 3564 885 3627 nattum
907 3566 1038 3628 verbum
1057 3566 1151 3649 facim
1174 3568 1227 3632 sal

144 3650 294 3713 adversus
317 3650 519 3710 Caramanum
540 3649 571 3709 in
594 3648 701 3710 Asiam
722 3650 851 3709 movisse
871 3649 984 3711 scribit.

230 3732 268 3794 Ρ.
293 3732 359 3809 103,
382 3752 430 3793 22.
480 3731 527 3802 sie
547 3724 682 3814 Κύμην]
733 3726 834 3813 Κύμη
864 3728 952 3803 πόλις
980 3726 1132 3806 Αἰολίδος
1165 3727 1227 3814 πρὸ

144 3816 204 3896 τῆς
222 3816 372 3894 Λέσβον,
394 3808 458 3875 duri
481 3810 597 3894 Κύμης
617 3810 797 3891 Ἀμαζόνος.
840 3815 1013 3895 Stephanus
1031 3815 1069 3877 de
1093 3814 1229 3878 urbibus.

147 3900 228 3961 idem
250 3898 361 3962 Strabo
383 3896 435 3959 tib.
456 3896 700 3961 iuuentutem
720 3898 837 3960 Marius
857 3898 952 3980 Niger
971 3896 1040 3961 vult
1059 3918 1123 3962 esee
1143 3898 1231 3963 Pho·

147 4005 251 4046 caeam
271 4004 400 4060 novam,
421 4001 499 4065 quae
518 3980 621 4043 Lesbo
643 3980 768 4041 obiacet.

230 4068 268 4130 Ρ.
296 4067 361 4142 rod,
385 4066 413 4127 3.
455 4058 489 4127 eti
511 4061 792 4146 τοῦἎρχαγγέλον
812 4054 987 4147 λεγόμενον]
1028 4060 1145 4126 Notitiri
1165 4074 1230 4127 me.

149 4152 309 4236 tropoleon
331 4149 388 4211 sub
410 4148 560 4234 Smyrnae
581 4146 693 4211 throno
715 4147 807 4209 habet
828 4144 995 4209 ἐπίσκοπον
1009 4146 1066 4210 rati
1085 4144 1230 4232 Ἀρχαγ·
