3075 4825
334 337 492 408 rrnnrca
523 339 774 406 marram
800 339 991 406 incrnro.
1108 310 1200 428 5⁰9

120 505 209 566 lacto.
226 461 230 470 ·
250 501 373 582 Ancora
395 498 472 562 tolse
491 498 572 580 pntti
591 499 642 558 doi
659 494 756 573 milia,
775 495 799 556 li
816 494 900 578 quali
916 499 1086 581 conscripse
1108 500 1141 560 in
1160 497 1196 562 lu

120 585 248 648 exercito
276 584 316 646 da
344 605 428 645 novo
448 577 559 644 eleeto.
607 582 651 641 La
681 589 797 640 armata
826 581 866 640 de
885 581 965 642 fuste
985 593 1017 642 et
1035 581 1114 662 galle
1134 583 1196 646 line

120 669 157 730 ad
180 677 268 730 cento
290 676 412 728 octanta
434 665 544 726 mandi>
564 669 595 726 in
617 661 827 744 l'Areipialago
846 675 953 726 eontra
971 661 1000 725 le
1019 663 1115 726 insule
1142 668 1196 728 Ci-

118 751 219 826 clade,
240 750 279 812 de
300 751 329 812 le
351 747 442 832 quale
462 749 572 809 nisuna
592 745 717 830 podette
738 744 919 826 acquistare.
940 748 971 809 la
990 769 1045 808 sna
1064 769 1197 830 persona

119 855 175 896 oon
205 833 235 895 la
264 855 321 894 sua
346 843 434 894 eorte
461 832 492 892 in
515 831 584 914 quel
606 851 687 892 anno
710 829 841 890 inverno
860 840 909 892 tra
928 832 1197 914 Constantinopoli

118 925 149 980 et
168 915 398 996 andrinopoli,
432 925 462 974 et
490 915 642 974 habiando
670 922 847 974 oomenaato
878 913 918 975 ad
948 912 1083 975 fabricat
1117 936 1197 978 nave

117 1001 293 1082 grandeet
311 1019 375 1060 uno
404 997 526 1058 theatro
557 997 590 1056 in
610 997 640 1057 la
663 996 780 1071 citade,
799 994 828 1056 el
849 995 922 1077 qual
945 1017 978 1058 oe
999 997 1118 1058 chiama
1142 1019 1197 1059 ve·

117 1080 333 1165 etiopratirion
363 1090 394 1142 et
423 1082 455 1140 in
479 1081 581 1163 lingua
610 1079 730 1161 persica
751 1077 922 1140 beaeetano.
972 1080 1028 1142 Nel
1045 1101 1127 1141 anno
1145 1079 1197 1143 del

115 1163 198 1248 6969
222 1163 289 1226 fece
310 1175 426 1226 armata
447 1163 486 1224 de
504 1163 581 1245 galle
602 1172 634 1222 et
661 1163 742 1224 laete
762 1163 826 1221 line
853 1161 893 1223 ad
913 1183 972 1223 noo
994 1173 1027 1224 et
1043 1183 1121 1225 nave
1149 1184 1194 1225 ro.
1229 1190 1231 1201 ·

116 1248 193 1310 Esto
215 1259 392 1310 veramente
412 1249 444 1306 in
465 1245 496 1307 la
517 1248 693 1328 primavera
718 1243 869 1327 passando
890 1245 1092 1328 Hellesponto
1112 1245 1195 1307 ando

115 1329 148 1390 in
168 1332 278 1394 Prusia
299 1332 338 1390 de
360 1327 491 1412 Bytiuia,
512 1329 623 1390 nonna
647 1313 780 1411 pler-sona
799 1327 977 1389 intendante
995 1329 1023 1389 el
1044 1351 1100 1390 ano
1120 1334 1255 1412 pen-341

115 1415 208 1476 eiero.
260 1413 340 1473 niro
369 1433 440 1473 cosa
462 1412 609 1473 notabile.
666 1413 704 1473 El
728 1433 786 1472 auo
813 1410 939 1472 nomodi
972 1412 1137 1492 darneio,
1168 1413 1199 1474 el

116 1498 208 1578 quale
230 1517 285 1556 era
303 1496 405 1557 iudioe
424 1497 462 1555 de
483 1495 594 1566 iudici,
623 1493 767 1556 havendo
787 1493 904 1577 grande
923 1494 1047 1556 balden
1066 1495 1117 1556 eol
1137 1495 1199 1556 du-

115 1579 173 1640 eha
193 1601 251 1661 per
272 1580 298 1640 le
320 1579 543 1640 domesticheza
571 1577 600 1638 la
619 1577 709 1661 quale
727 1577 826 1638 havea
845 1598 904 1638 oon
924 1599 1015 1657 esso,
1045 1587 1077 1640 et
1101 1578 1199 1643 auehe

115 1682 170 1744 per
189 1663 220 1724 la
238 1662 402 1724 liverentia
421 1662 496 1724 ch'el
515 1662 617 1723 doeha
636 1660 659 1721 li
680 1673 837 1722 montrave
856 1681 912 1742 per
931 1683 1014 1724 esser
1032 1684 1090 1724 suo
1109 1665 1199 1745 peni·
1321 1682 1323 1685 ·

114 1747 268 1821 lentiore,
288 1745 414 1807 essendo
434 1747 461 1807 el
483 1744 585 1806 ducta
605 1765 658 1826 per
679 1747 779 1827 partir
799 1744 877 1806 have
893 1745 1064 1806 ardimento
1082 1768 1101 1807 a
1122 1745 1199 1808 dirli

114 1840 222 1909 queste
253 1828 377 1910 parolee
406 1849 425 1888 ο
448 1827 587 1901 dantiae,
620 1838 804 1912 conquesta
825 1837 1125 1911 armataetqueeto
1146 1851 1199 1890 ex·

113 1910 231 1987 ereito,
251 1911 307 1972 ohe
327 1921 362 1971 tu
381 1910 431 1972 hai
454 1911 667 1993 apparechiato
689 1931 747 1994 per
767 1930 853 1971 mare
872 1921 906 1972 et
923 1932 978 1993 per
999 1921 1098 1989 terra,
1119 1911 1199 1974 dove

112 1993 179 2056 voli
201 1992 340 2054 andare?
380 1995 492 2072 Quello
514 2005 687 2056 veramente
707 1992 847 2055 mirando
868 1993 899 2054 el
916 2016 974 2056 auo
992 1996 1198 2076 penitentiero
1242 2009 1247 2017 '

111 2097 172 2138 con
199 2079 257 2154 ira,
284 2075 303 2137 li
323 2097 443 2156 respose
460 2088 490 2138 et
512 2078 611 2139 disse:
631 2079 723 2159 Sappi
742 2077 809 2153 che,
829 2095 862 2136 se
882 2077 913 2138 io
930 2097 1048 2160 tapesee
1060 2077 1116 2140 elne
1136 2099 1200 2140 uno

113 2158 188 2222 delli
209 2157 319 2220 cavelli
338 2157 417 2219 della
433 2160 492 2220 mia
505 2160 600 2222 barba
621 2181 737 2222 savesse
758 2158 787 2220 el
810 2160 874 2219 mio
894 2161 1044 2236 mistiam,
1065 2161 1099 2221 lu
1118 2159 1201 2222 evel-

113 2243 193 2304 leria
215 2243 256 2304 da
276 2243 305 2302 le
326 2242 429 2303 radice
448 2252 480 2305 et
499 2243 661 2306 huttarialo
683 2244 715 2303 in
736 2242 819 2305 soco.
860 2241 963 2306 Tanto
982 2241 1085 2326 quello
1104 2242 1200 2306 homo

112 2347 167 2388 era
188 2323 339 2386 iraeondo
359 2335 390 2385 et
406 2339 537 2389 secreto.
582 2328 729 2389 Hebbero
751 2347 850 2408 paura
868 2346 926 2407 per
946 2325 1049 2410 quello
1067 2347 1200 2408 appara.

111 2420 146 2471 tu
167 2408 244 2471 tutti
266 2408 286 2469 li
308 2408 439 2469 Vulachi
463 2410 518 2473 che
539 2411 683 2473 habitano
701 2410 763 2473 nllo
782 2411 914 2489 stomin,
934 2422 966 2473 et
986 2409 1093 2484 Calas,
1116 2409 1200 2471 Tra·

111 2492 250 2575 pesunda
262 2502 292 2553 et
301 2490 430 2574 Sinopi‚
446 2502 478 2555 et
489 2495 517 2556 le
529 2494 628 2556 insule
644 2496 682 2556 de
702 2494 736 2555 lu
755 2495 841 2575 Egeo
850 2496 919 2577 pelo
938 2516 968 2570 o,
990 2492 1101 2555 Rhodo
1119 2504 1150 2555 et
1169 2494 1200 2556 le

110 2576 261 2639 insolette
278 2599 296 2635 a
311 2575 356 2637 lui
369 2574 523 2655 subiecta,
537 2578 614 2639 Chio
626 2590 659 2640 et
670 2578 779 2651 Lesbo,
792 2577 910 2639 banchi
934 2578 944 2637 i
960 2576 1086 2639 desseno
1100 2576 1201 2637 tribn-

112 2668 158 2721 to.
183 2660 305 2721 Partito
327 2658 471 2740 adunque
491 2659 519 2721 el
540 2662 640 2722 ducha
660 2662 700 2723 da
718 2661 851 2721 Bithinia
871 2660 1004 2723 andoin
1025 2662 1141 2742 Angit-a
1159 2659 1200 2722 de

110 2743 241 2816 Galata,
258 2750 291 2803 et
306 2739 447 2803 havendo
462 2742 505 2803 lui
524 2744 621 2805 licenti
658 2743 681 2805 li
711 2746 758 2807 soi
781 2746 850 2826 pavi
871 2745 965 2818 lioni,
987 2741 1017 2804 el
1038 2743 1141 2804 duche
1159 2743 1200 2806 de

110 2826 223 2908 Sinopi
245 2824 400 2886 limando
421 2847 477 2887 ruo
495 2826 629 2909 figlivolo
650 2848 710 2890 eon
725 2827 824 2890 ricchi
848 2767 933 2890 doni.
974 2826 1015 2889 El
1035 2826 1128 2910 quale
1148 2824 1200 2886 in·

109 2909 292 2971 elinandosa
323 2907 514 2970 servilmente
549 2910 650 2972 saluti)
683 2910 711 2971 el
734 2922 868 2993 tyranno
902 2928 961 2993 per
980 2930 1074 2971 nome
1095 2908 1134 2971 de
1155 2908 1200 2969 ls-

109 2992 190 3054 rnael
211 3012 270 3055 auo
295 2999 399 3071 patre,
422 3003 452 3052 et
473 2994 611 3073 presenti)
631 2994 653 3053 li
673 2995 747 3055 doni
765 3006 797 3055 et
816 2994 921 3076 presto
940 2992 970 3055 la
990 2991 1198 3054 obhedientia.

108 3074 148 3137 ΕΙ
181 3086 318 3159 tyranno
346 3076 529 3154 acceptando
563 3075 585 3136 li
605 3076 677 3138 doni
706 3081 840 3139 conmine
860 3078 892 3139 al
911 3096 1026 3139 novene
1046 3074 1196 3137 dicendo:

109 3158 151 3219 Di
175 3181 195 3220 a
224 3169 279 3219 tuo
317 3166 401 3232 patre
424 3178 509 3219 come
537 3161 569 3219 io
600 3160 705 3241 voglio
728 3160 857 3241 Sinopi,
881 3171 914 3221 et
936 3158 987 3220 a’el
1006 3178 1056 3220 me
1075 3159 1149 3219 dari
1166 3158 1256 3248 ¹⁸³l²

107 3262 165 3303 aue
187 3240 378 3316 volitando,
401 3238 430 3300 io
455 3240 596 3301 debono
617 3263 689 3315 core
709 3241 732 3302 li
754 3243 829 3305 dard
841 3241 873 3305 la
894 3242 1050 3323 provintia
1069 3242 1108 3305 de
1121 3241 1198 3303 Phi·

109 3325 268 3407 lipopuli:
294 3323 507 3385 altramentea
537 3324 581 3385 lui
600 3346 698 3405 vengo
720 3336 835 3407 presto.
878 3326 918 3388 El
936 3346 1049 3387 wvane
1070 3336 1197 3387 tornato

108 3408 149 3469 nd
168 3406 281 3471 lamael
302 3428 358 3467 suo
383 3417 493 3489 patre,
518 3407 538 3466 li
572 3408 714 3481 referette
743 3418 823 3470 tutte
844 3410 873 3470 le
892 3409 1000 3491 parole
1019 3407 1070 3469 del
1089 3418 1199 3491 tyran-

108 3512 165 3553 no.
230 3490 407 3570 Novignndo
431 3488 570 3551 l'armata
593 3491 697 3553 arrivb
719 3491 757 3552 ad
774 3492 894 3574 Sinopi.
910 3534 919 3555 .
936 3492 975 3553 El
995 3504 1127 3574 tyranno
1148 3491 1198 3550 in·

106 3584 176 3635 teso
198 3572 229 3635 el
251 3594 355 3633 zonzer
376 3572 457 3635 della
475 3585 611 3651 armata,
635 3594 699 3637 esso
728 3572 842 3636 conlo
862 3576 992 3637 uereito
1010 3572 1116 3635 arrivi
1136 3572 1198 3635 alla

106 3668 206 3721 terra.
252 3656 358 3717 lamae}
374 3678 437 3717 non
458 3658 591 3717 savendo
619 3657 699 3720 altro
723 3658 782 3719 ohe
804 3657 891 3735 fare,
915 3658 981 3720 neci
1002 3656 1043 3718 da
1062 3656 1197 3738 Sinopi;

108 3738 316 3803 humilmente
343 3738 552 3801 inclinandose
581 3739 638 3801 alla
656 3762 710 3802 sua
731 3742 862 3822 signorie
883 3744 908 3802 si
927 3738 1114 3803 ricomanda.
1157 3738 1197 3799 El

108 3832 251 3907 tyranno
270 3822 396 3903 aoceptb
418 3822 520 3903 quello
549 3844 605 3883 con
629 3823 727 3906 alegra
746 3826 854 3886 faceia.
874 3822 1024 3887 eomandb
1041 3821 1099 3881 ehe
1118 3820 1198 3883 sonte

108 3906 180 3968 tolti
204 3904 276 3965 tutti
303 3904 322 3963 li
343 3907 388 3967 soi
412 3906 545 3983 theson,
565 3908 682 3981 cavalli,
708 3908 793 3985 muli,
813 3905 945 3970 camelli.
986 3902 1099 3965 Poicht
1121 3902 1197 3965 heb-

109 3988 150 4051 be
179 3990 244 4049 hen
272 3988 388 4049 fornito
419 3989 525 4067 Sinopi
552 3990 630 4051 delle
659 3991 827 4053 munitione
855 4010 941 4051 come
971 3995 1003 4048 se
1026 3986 1142 4064 devea,
1164 3998 1198 4049 et

109 4070 225 4133 lassato
252 4070 353 4133 ducha
389 4092 451 4133 nno
478 4074 509 4131 di
530 4076 577 4136 eoi
606 4075 712 4151 servi,
748 4096 814 4137 eaeo
833 4094 891 4133 con
912 4072 944 4134 lu
963 4072 1095 4131 exercito
1115 4070 1198 4131 andi

108 4155 164 4235 pin
196 4154 309 4215 dontro
333 4154 363 4215 in
387 4156 415 4216 le
446 4166 531 4235 parte
554 4158 594 4217 de
614 4156 787 4218 l’drmenia.
831 4154 920 4215 Uzon
942 4155 1074 4229 Canen,
1095 4152 1197 4215 duciae

108 4240 142 4299 in
162 4236 189 4299 li
206 4238 325 4302 confini
345 4238 384 4301 de
405 4238 523 4315 Pereia,
547 4260 611 4303 oon
630 4240 761 4303 havente
779 4258 928 4323 pomata
947 4235 1145 4301 adoniam
1165 4236 1197 4299 at
