3075 4825
332 336 385 399 xu
779 334 990 398 nuttlstol

342 487 522 569 investiget,
557 486 801 570 narrationisque
821 486 906 549 filum
941 487 1061 569 psreius
1086 486 1301 568 interrumpat.
1342 486 1431 548 Lao-
1519 457 1520 476 .

272 642 285 664 ι
341 603 427 663 uicus
446 604 525 663 enim
544 602 617 664 dum
633 602 670 665 de
691 602 968 665 rebusTureorum
992 602 1148 665 confusam
1168 623 1256 684 saepe
1271 604 1431 665 narratio-

343 740 413 779 nem
428 720 579 796 instituit,
619 722 657 781 ad
679 720 908 798 describendus,
931 718 1071 802 imperite
1089 731 1125 780 ut
1150 718 1334 801 plurimum,
1357 719 1428 780 00-

339 833 535 897 eidentsiiuns
561 856 722 919 regnorum
749 838 888 919 politeias
919 836 1100 919 digreditur.
1150 834 1302 896 Pbrsnses
1320 843 1428 895 autem
1519 857 1520 878 2

338 964 459 1032 praeter
476 974 539 1014 rem
565 962 595 1015 et
615 952 727 1014 nuliius
748 957 894 1014 momenti
911 952 1005 1014 multa
1017 957 1079 1014 suis
1101 953 1240 1028 inseruit,
1261 971 1317 1011 nee
1331 970 1424 1011 soen·

340 1080 405 1130 rats
425 1080 455 1129 et
472 1068 648 1152 diiigenter,
670 1081 794 1151 praeter
807 1069 1001 1151 Cpolitansm
1020 1070 1228 1139 obsidionem,
1253 1088 1344 1149 quam
1368 1088 1423 1129 re.

339 1195 388 1247 ate
412 1186 541 1247 instituit
561 1194 592 1245 et
612 1189 803 1269 persequitur
809 1208 854 1267 ,r
920 1266 922 1268 ι
956 1197 1003 1246 ιιι
1025 1196 1228 1246 barreteam
1249 1182 1426 1249 Turcomm
1519 1183 1520 1238 i

343 1298 517 1362 Annalibus
548 1311 578 1362 et
599 1300 734 1363 Historia
745 1286 772 1373 {a
789 1300 971 1364 &unciario
982 1293 1134 1386 >acerrimi
1148 1299 1252 1361 iudicii
1267 1299 1336 1359 viro
1355 1299 1427 1359 edi-
1519 1301 1520 1316 ¹

338 1418 378 1477 tis
390 1427 494 1479 noster
508 1416 673 1479 admodum
691 1398 803 1495 sentit3
833 1440 894 1501 qno
917 1421 1041 1479 nomine
1063 1418 1163 1500 magni
1177 1414 1332 1478 faciendus
1347 1414 1426 1477 mibi
1519 1425 1520 1500 t

341 1531 472 1594 videtur.
497 1534 529 1595 in
555 1532 613 1595 iliis
635 1556 712 1616 quse
733 1534 772 1594 ad
793 1534 957 1597 iohannem
976 1545 1153 1615 utrumque,
1178 1533 1426 1595 Cantseuzeoum

341 1658 372 1708 et
383 1646 610 1731 Pniasoiogum,
625 1651 788 1731 pertinent,
812 1649 851 1710 sb
866 1651 931 1732 ipso
945 1650 1155 1711 Cantaeuseno
1170 1668 1231 1709 non
1249 1646 1338 1709 valde
1357 1648 1425 1709 dis·
1519 1649 1520 1712 j

339 1762 452 1841 sentit,
473 1767 611 1847 quamvis
630 1776 803 1847 temporum
816 1766 924 1827 seriem
944 1764 1163 1825 interturbans
1178 1762 1289 1825 alieubi
1311 1762 1424 1844 depre-
1519 1779 1520 1796 ³

337 1876 498 1941 beudatur.
520 1902 577 1943 neo
597 1880 716 1942 silentio
737 1880 986 1942 transmittendus
1005 1890 1050 1942 est
1070 1900 1249 1955 consensus,
1272 1882 1324 1961 qui
1342 1881 1425 1941 iuter

339 1992 438 2076 ipsum
456 2016 493 2057 ao
507 1997 700 2101 Leonsrdum
717 1996 879 2059 Chieusem
898 1996 1102 2059 interceditis
1121 1994 1252 2078 Cpoieos
1264 1994 1424 2057 obsidione

337 2132 375 2172 so
402 2084 626 2195 expugnatione
651 2113 859 2177 describenda.
881 2135 960 2197 quse
990 2114 1115 2199 quidem
1136 2112 1337 2216 diversorum
1344 2113 1423 2211 sori·

335 2238 459 2310 ptorum
495 2230 659 2324 concordis
686 2232 830 2294 historiae
859 2230 950 2293 fidem
976 2230 1134 2307 conciliat
1160 2204 1203 2289 et
1235 2248 1314 2309 quse
1347 2246 1421 2288 vers

297 2334 315 2341 ⁰
337 2364 454 2440 quaeve
479 2346 554 2407 falsa
577 2350 659 2426 sint,
693 2339 883 2409 discernendi
915 2347 1032 2430 copiam
1050 2344 1186 2407 fseit.1n
1204 2344 1297 2405 rebus
1319 2362 1420 2424 porro

298 2427 316 2444 Μ
338 2435 525 2541 liungariois
549 2439 723 2542 imperitum
753 2483 786 2523 se
818 2460 944 2543 prodit,
979 2470 1153 2543 statumque
1178 2450 1264 2544 regni
1293 2457 1374 2525 itlius
1402 2480 1423 2522 ι

345 2581 446 2634 morte
461 2573 645 2655 sigismundi
665 2577 857 2657 imperatoris
882 2578 1045 2659 ignorasse.

272 2693 290 2726 ‘-
316 2691 320 2696 ’
349 2685 361 2692 ”
391 2675 397 2682 ’
422 2687 469 2751 Βι
490 2691 621 2752 auctoris
644 2691 735 2752 buius
761 2691 925 2770 historiae,
954 2713 1045 2775 quam
1073 2693 1130 2753 sub
1152 2713 1244 2754 manu
1259 2692 1422 2772 babemus,

276 2740 289 2903 ,i
337 2806 462 2868 nomine
494 2815 524 2869 st
548 2827 657 2890 genere
685 2809 862 2889 paucissima
881 2808 1012 2872 dicenda
1037 2818 1269 2870 susurrantes
1291 2808 1347 2868 nisi
1371 2809 1423 2869 avi

336 2923 382 2982 sui
403 2924 523 3006 paterni
545 2943 655 2986 nomen
676 2925 778 3006 eapite
798 2925 817 2988 5
838 2924 982 2988 edidisset
994 2945 1193 3006 ,anonymus
1210 2923 1289 2985 liber
1312 2921 1422 3004 prodi·

333 3046 422 3099 turus
449 3049 529 3101 erat.
551 3059 658 3103 verum
678 3061 748 3102 oum
770 3041 810 3102 ab
830 3041 960 3124 antiquis
977 3039 1037 3102 iilis
1054 3039 1168 3116 Ducis,
1188 3041 1242 3145 qui
1262 3037 1349 3143 Cpoli
1370 3058 1424 3099 re·
1519 3078 1520 3081 =

335 3164 482 3233 gnorunt,
516 3175 548 3216 ss
576 3165 678 3217 ortum
707 3155 787 3218 dicat
816 3169 846 3218 et
868 3155 1048 3218 Michaelem
1063 3155 1323 3262 Duronum-Q
1331 3173 1423 3214 suuni
1519 3216 1520 3219 ,

284 3291 290 3336 ·,
335 3264 486 3348 appellet,
510 3269 662 3333 Historias
687 3269 810 3333 titulum
836 3273 1008 3353 inscripturi
996 3235 1257 3400 &Dromius
1259 3268 1422 3350 proprium

291 3388 294 3401 '
336 3401 374 3442 ao
393 3363 597 3466 gentilicium
598 3367 785 3469 repetitum
794 3366 1006 3470 praefiximus,
1034 3397 1071 3448 ut
1102 3385 1232 3448 auctoris
1259 3385 1421 3467 proprium

298 3487 447 3560 ,ιιόἰιιιιί
451 3491 705 3586 nobisignutum
725 3493 1017 3592 talicireumstantis
1038 3502 1302 3565 determinaretur.
1324 3497 1419 3558 Chri-

304 3586 448 3678 stisnae
476 3606 597 3699 pietatis
623 3621 851 3684 tenacissimum
871 3632 901 3683 et
922 3618 1099 3682 Catboiioae
1121 3601 1262 3680 ecclesiae
1280 3633 1419 3678 eommu-

309 3738 314 3772 ¹
334 3734 432 3796 aionis
458 3732 708 3798 studiosissimum
728 3758 760 3798 se
777 3736 893 3820 ubique
912 3737 1074 3820 approbat.
1118 3735 1243 3824 Graecis
1262 3733 1420 3795 levitatem

336 3848 506 3934 malamque
539 3851 630 3914 tidem
647 3851 791 3944 ,⁰.b.fi⁰i²r
810 3854 869 3936 ¹qui
889 3854 957 3918 fiete
975 3875 1011 3916 se
1032 3831 1173 3915 similite
1191 3853 1263 3913 cusis
1274 3847 1419 3908 Romana
1519 3904 1520 3909 ,

266 3953 285 3970 “
313 3948 459 4026 ¹eeclesia
479 3969 679 4030 ooncordiam
701 3969 854 4050 inierant,
876 3991 931 4034 nee
951 3967 1012 4032 alio
1034 3968 1138 4031 animo
1161 3983 1267 4048 pacem
1288 3981 1416 4042 rompo-

283 4063 298 4128 s
333 4065 455 4140 ιιιιιιιιι
473 4101 564 4160 quam
586 4096 620 4144 ut
650 4085 882 4168 aprincipibus
902 4083 1178 4157 Occidentaiibus,
1197 4097 1276 4160 papa
1297 4075 1415 4157 prasoi-

334 4213 417 4273 pue,
444 4196 552 4258 auxilia
573 4212 679 4264 eontra
708 4203 832 4266 Turoor
852 4211 1121 4286 consequerentur.
1141 4197 1312 4260 institutum
1333 4191 1416 4254 vitae
