3075 4825
325 314 484 380 utum
528 315 778 392 rursuruarr
817 314 1006 381 ruemro.
1121 289 1202 402 47¹
1299 293 1303 300 '
1397 359 1401 370 .

135 459 184 524 olli
203 460 248 524 liti
256 461 298 526 de
307 463 435 528 Turcbi.
457 465 546 528 molti
567 467 775 548 preudcvano‚
798 465 886 529 molti
907 470 1102 543 amoenrnno,
1124 469 1211 530 molti
1326 503 1329 508 ·
1399 505 1403 521 ι

133 564 299 610 menevono
322 549 360 610 ad
383 551 555 613 venderes
578 550 857 631 Constantinopoli.
912 553 946 611 ln
968 554 1062 632 questi
1084 563 1211 614 contra·

132 629 170 690 ali
196 630 333 693 comiuzb
365 634 394 693 la
413 635 601 714 primavera,
620 645 649 692 et
671 633 691 694 li
713 635 798 693 zorni
822 631 873 693 del
893 642 999 694 sancto
1022 635 1136 694 ieiunio
1158 657 1211 695 co·

132 713 234 774 mensis
255 715 295 776 od
333 736 528 796 numerarse;
558 727 588 779 ct
608 713 637 778 le
656 718 790 778 statione
817 715 857 776 de
875 713 1010 797 plenaria
1036 719 1213 780 remissione

131 793 168 854 de
185 798 275 878 colpa
296 808 329 860 et
349 798 388 860 de
408 820 509 880 pena,
531 798 661 881 imposte
682 821 738 880 per
759 798 788 860 le
811 797 915 860 chiese
934 819 1039 874 sacre,
1061 799 1212 861 cominza·

130 897 203 938 rono
228 879 269 942 ad
291 881 440 943 visiturse.
483 880 561 945 Coae
583 882 729 964 stupenda
749 893 781 942 et
800 894 969 945 mostrunsn
989 881 1028 942 ad
1052 884 1212 944 recordar-

130 961 180 1020 acl
229 963 363 1024 Stevano
391 965 412 1026 li
432 964 594 1027 confessori
615 986 671 1046 per
694 964 722 1026 lc
751 965 862 1026 cbiesie
881 985 938 1046 per
957 963 1057 1026 aldire
1078 965 1097 1025 li
1120 965 1211 1026 Chri.

130 1042 219 1106 stioni
253 1046 412 1108 confitenti
439 1047 462 1109 li
490 1049 537 1109 soi
555 1051 680 1130 peccati.
729 1048 773 1110 Et
794 1048 825 1108 iu
856 1058 943 1108 tante
970 1047 1158 1127 tempestade
1180 1059 1213 1111 et

130 1129 358 1204 pertubatione
391 1131 428 1192 de
458 1133 572 1213 tempi,
599 1139 632 1190 et
651 1140 683 1191 in
706 1139 794 1192 tanto
826 1133 963 1210 periculo
984 1131 1016 1191 di
1037 1131 1162 1191 barbari
1182 1142 1214 1192 et
1315 1188 1317 1191 .

130 1209 290 1272 obsidione
325 1213 444 1276 murale
464 1215 543 1276 della
565 1214 678 1290 citando,
705 1213 829 1274 nissuua
851 1214 1046 1296 inquisitione
1065 1214 1213 1274 fecevaoo

130 1290 161 1350 in
183 1291 211 1354 le
231 1295 421 1358 consessione
441 1319 545 1358 mazor
565 1296 621 1356 che
641 1318 674 1357 se
694 1295 714 1356 li
733 1297 887 1358 confitenti
909 1319 943 1357 se
958 1319 1050 1357 ereuo
1063 1296 1214 1357 consessa·

130 1377 153 1434 ti
173 1375 213 1436 da
231 1379 343 1441 aleuno
362 1390 451 1461 prete
468 1381 549 1442 della
573 1382 707 1452 unione,
728 1390 759 1441 et
779 1401 812 1440 se
833 1379 881 1440 elli
903 1399 936 1440 se
955 1401 1052 1440 erano
1072 1383 1214 1441 comuni.

130 1459 190 1518 cuti
209 1481 265 1540 per
293 1461 322 1523 le
348 1485 438 1536 mane
468 1463 507 1524 de
531 1461 640 1526 alcuuo
662 1475 748 1543 prete
778 1461 946 1539 catholico,
970 1485 989 1524 o
1008 1485 1069 1546 pur
1091 1463 1216 1524 havesse

130 1541 221 1602 aldita
240 1565 336 1606 messe
356 1545 508 1608 celebrate
529 1547 567 1607 da
589 1545 699 1607 alcuuo
720 1545 759 1606 de
780 1545 861 1606 loro.
880 1548 1013 1625 Questo,
1035 1567 1122 1606 come
1142 1567 1216 1627 pec-

130 1633 198 1684 ceto
219 1627 446 1706 irremissibile,
468 1651 528 1692 con
553 1629 724 1711 asprissima
745 1629 913 1711 penitentia
935 1632 1081 1690 convenia
1102 1650 1215 1710 expun-

131 1727 220 1784 gare,
250 1710 465 1774 admonendoli
496 1711 554 1774 obe
586 1711 606 1772 li
627 1715 710 1793 preti
733 1711 878 1774 camotici
902 1733 965 1774 non
994 1733 1087 1773 erano
1113 1713 1276 1793 pretinso

129 1799 160 1848 et
180 1792 208 1852 el
238 1815 294 1855 suo
322 1795 492 1857 ministerio
527 1817 588 1856 non
611 1817 660 1856 era
682 1795 735 1875 pio
765 1797 805 1857 nb
823 1817 920 1859 sacro.
945 1806 1028 1857 etse
1047 1796 1156 1856 alcuno
1177 1793 1216 1856 de

128 1869 197 1934 loro
220 1875 295 1942 fosse
314 1888 395 1940 stato
418 1878 569 1940 chiamato
588 1876 627 1939 ad
652 1877 761 1940 elcuno
784 1878 914 1962 exequio
935 1876 1115 1959 sepulcrale,
1137 1877 1217 1938 dove

128 1955 212 2016 fosse
245 1960 376 2040 aipporso
407 1961 517 2022 olcuno
536 1962 574 2022 de
595 1961 677 2044 preti
698 1961 863 2039 catholici,
891 1960 1017 2020 subbito
1035 1981 1069 2020 ee
1085 1961 1217 2042 spoglia·

129 2057 211 2100 vano
237 2040 265 2100 le
286 2053 384 2119 cotte,
407 2054 439 2104 et
459 2044 603 2105 fuzivano
622 2045 660 2104 da
684 2043 730 2104 lor
751 2065 838 2106 come
866 2041 916 2102 dal
937 2043 1025 2103 foco.
1047 2045 1091 2103 Lu
1111 2045 1217 2104 Cntre·

127 2119 180 2180 del
214 2122 335 2187 cbieeie.
351 2124 373 2186 li
394 2127 501 2206 periva
535 2147 623 2188 come
643 2126 760 2208 refugio
789 2127 829 2187 de
850 2125 984 2186 demonii
1020 2136 1050 2186 et
1069 2147 1121 2186 era
1140 2145 1218 2187 over

127 2207 246 2284 templo
268 2206 306 2268 de
329 2208 443 2274 zuntili.
479 2210 523 2270 La
543 2209 634 2292 quale
653 2209 755 2272 soleva
777 2229 861 2270 esser
875 2208 1045 2269 illuminato
1064 2208 1107 2268 da
1129 2217 1216 2269 tante

128 2284 268 2368 lampade
289 2301 321 2352 et
339 2291 519 2370 luminario,
540 2293 717 2354 athonem
739 2292 901 2354 obscurata
922 2302 953 2352 et
973 2290 1115 2366 deserta,
1135 2311 1214 2370 pro.

130 2371 312 2435 rusticando
340 2376 370 2437 la
397 2375 604 2449 desolatione,
627 2375 658 2437 la
690 2375 780 2459 quola
801 2395 883 2457 poco
900 2386 1002 2457 tempo
1032 2375 1086 2455 poi
1107 2393 1165 2455 per
1184 2374 1215 2435 lo
1282 2431 1284 2440 .

128 2456 373 2535 prevaricatione
400 2471 432 2520 et
460 2463 576 2542 peccati
595 2459 666 2520 delli
694 2458 833 2520 cittedini
854 2458 954 2519 dorca
973 2457 1109 2541 sequire.
1150 2458 1215 2517 Ge·

128 2538 221 2599 nadio
244 2540 276 2599 in
302 2552 413 2625 questo
435 2554 537 2624 tempo
563 2564 625 2603 non
656 2562 779 2605 cessero
799 2541 959 2602 admonire
980 2550 1011 2601 et
1032 2539 1216 2601 inmoledire

129 2622 224 2702 quelli
244 2624 302 2685 che
320 2624 505 2687 adherirano
524 2636 556 2686 et
575 2626 678 2685 sereno
699 2646 775 2707 pace
791 2646 852 2685 con
872 2624 967 2707 quelli
988 2622 1069 2684 della
1088 2623 1214 2684 unione.

130 2702 163 2763 lo
184 2726 202 2767 a
222 2728 293 2769 caso
313 2708 394 2789 depo
415 2706 445 2771 la
468 2710 614 2792 captivitb
631 2708 710 2771 della
737 2708 799 2770 citt
819 2708 954 2769 scontrai
979 2728 1041 2766 uon
1061 2705 1140 2765 dede
1160 2727 1216 2786 gc·

129 2806 236 2850 nerose
254 2792 379 2851 eemndo
397 2792 537 2871 sobiava,
556 2788 587 2853 la
611 2791 704 2875 quale
723 2812 775 2853 me
794 2789 912 2852 raxoob
933 2789 991 2851 cbe
1011 2788 1140 2850 essendo
1160 2810 1215 2871 per

128 2872 261 2949 partorir
282 2874 333 2935 nel
352 2895 489 2937 mercore
507 2886 613 2937 sancto
642 2875 681 2935 de
701 2873 775 2959 quel
794 2885 899 2956 tempo
921 2873 1074 2949 obscmo,
1094 2870 1216 2931 cbimnb

130 2974 190 3015 uno
212 2977 271 3018 suo
302 2957 511 3035 conlessador,
542 2958 665 3040 elqusl
685 2957 715 3018 lo
734 2957 892 3031 confesso,
915 2953 1140 3016 admonendoln
1158 2954 1216 3014 che

128 3056 160 3097 se
177 3038 308 3101 doresse
339 3042 573 3102 communicare.
624 3040 666 3102 Et
687 3041 791 3185 puella
810 3037 1028 3102 domandando
1048 3038 1077 3098 el
1096 3037 1216 3098 conl'm-

128 3118 221 3183 endor
240 3144 277 3185 se
296 3124 322 3185 si
343 3122 440 3186 (Ιονεα
460 3118 670 3186 communicer
710 3146 728 3185 a
747 3144 811 3185 uno
826 3144 882 3184 suo
901 3132 989 3203 prete
1007 3119 1064 3181 che
1077 3118 1216 3182 officiove

129 3202 162 3263 in
182 3205 212 3265 la
233 3227 290 3268 sua
311 3216 409 3276 corte.
430 3205 458 3268 el
480 3207 552 3289 qual
572 3204 670 3266 barca
686 3217 867 3269 conversato
885 3224 945 3266 con
966 3204 988 3267 li
1006 3204 1087 3285 preti
1109 3203 1217 3264 catho-

129 3286 179 3349 lici
202 3289 235 3349 in
257 3288 287 3350 la
314 3290 428 3371 pande
448 3289 559 3351 chiesia
594 3286 634 3349 uli
655 3290 716 3350 Xll
737 3290 776 3351 de
794 3288 983 3351 Decembrio.
1026 3288 1055 3348 A
1076 3286 1106 3347 le
1126 3286 1274 3370 qualeodi

130 3371 159 3430 cl
176 3373 373 3435 confessedor
395 3375 515 3455 riapose
533 3372 679 3435 dicendos
700 3383 780 3449 vate,
802 3369 1046 3433 communiendo
1066 3370 1122 3446 lui,
1142 3390 1216 3451 per-

130 3453 185 3515 che
203 3457 222 3517 ὲ
241 3456 410 3519 secmdote.
434 3456 486 3517 dio
506 3465 537 3517 te
559 3454 742 3539 perdonari.
786 3454 897 3533 Quella
919 3454 1089 3514 dubitando
1109 3474 1165 3534 per
1185 3450 1217 3512 la

131 3537 274 3621 ambigue
301 3550 441 3621 resposte
464 3538 513 3603 del
537 3538 757 3615 confessedor,
786 3538 906 3598 chiemb
928 3558 991 3597 uno
1009 3536 1089 3597 altro
1111 3534 1216 3594 nomi..

133 3632 204 3683 nato
225 3622 401 3703 Neopbito,
437 3620 465 3683 el
495 3622 585 3705 quale
607 3622 782 3684 confessam
803 3620 882 3681 nelle
901 3643 968 3682 case
988 3618 1061 3680 delli
1082 3617 1217 3699 gnerosi.

130 3704 173 3765 Et
192 3714 304 3786 questo
321 3705 419 3766 eldite
439 3706 470 3767 la
488 3705 678 3766 dubitatione
696 3704 778 3766 dello
797 3725 944 3786 generosa
963 3704 1045 3765 dono
1055 3748 1065 3779 ,
1084 3703 1106 3760 li
1125 3702 1217 3759 disse:

131 3808 163 3849 ee
183 3800 219 3848 tu
238 3791 337 3849 torrai
351 3792 567 3851 communione
587 3789 626 3849 de
645 3810 716 3849 man
730 3788 769 3849 de
782 3786 854 3870 quel
875 3798 974 3869 prete,
996 3797 1033 3847 tu
1055 3806 1116 3843 nou
1136 3803 1220 3843 reze-

133 3874 217 3933 verei
241 3871 270 3932 el
290 3892 382 3955 corpo
402 3884 432 3933 et
453 3894 567 3955 sangae
585 3872 752 3950 dominico,
772 3892 823 3931 ma
842 3870 997 3933 manzarai
1017 3866 1066 3929 del
1088 3886 1168 3947 pane
1183 3876 1220 3927 et
1304 3915 1310 3936 .

132 3954 260 4016 beverai
287 3955 337 4015 del
359 3958 446 4023 vino.
475 3978 494 4017 o
516 3956 642 4017 Christo
677 3954 869 4038 imperador!
929 3948 986 4013 Chi
1015 3950 1083 4010 diro
1112 3947 1169 4008 cbe
1189 3947 1219 4009 la

132 4036 313 4100 subversion
342 4038 508 4123 dequesta
539 4049 627 4100 sente
648 4059 711 4098 non
732 4040 775 4099 sia
793 4036 963 4120 procednta
983 4033 1024 4094 da
1042 4032 1122 4092 iusto
1146 4053 1218 4091 seu.

134 4124 229 4183 tentia
249 4121 375 4183 divine?
428 4124 467 4183 Se
509 4122 558 4183 uel
577 4132 664 4205 prete
683 4122 763 4183 fosse
784 4132 830 4183 sto
851 4121 981 4206 Latino,
1003 4127 1040 4178 tn
1063 4114 1219 4196 Neophito

133 4202 284 4271 haeruli
304 4204 419 4269 bavuto
441 4146 572 4297 quailchc
596 4228 710 4269 cmonc
727 4214 939 4289 quantumque
959 4222 1039 4266 vano
1056 4212 1087 4264 et
1109 4220 1219 4283 super·
