<?xml version="1.0" encoding="UTF-8"?>
<!DOCTYPE html PUBLIC "-//W3C//DTD XHTML 1.0 Transitional//EN"
    "http://www.w3.org/TR/xhtml1/DTD/xhtml1-transitional.dtd">
<html xmlns="http://www.w3.org/1999/xhtml" xml:lang="en" lang="en">
 <head>
  <title>
</title>
<meta http-equiv="Content-Type" content="text/html;charset=utf-8" />
  <meta name='ocr-system' content='tesseract 3.04.00' />
  <meta name='ocr-capabilities' content='ocr_page ocr_carea ocr_par ocr_line ocrx_word'/>
</head>
<body>
  <div class='ocr_page' id='page_1' title='image "./corpusscriptoru01unkngoog_0261.png"; bbox 0 0 3075 4825; ppageno 0'>
   <div class='ocr_carea' id='block_1_1' title="bbox 317 299 1144 393">
    <p class='ocr_par' dir='ltr' id='par_1_1' title="bbox 317 299 1144 393">
     <span class='ocr_line' id='line_1_1' title="bbox 317 299 1144 393; baseline 0.002 -6"><span class='ocrx_word' id='word_1_1' title='bbox 317 299 401 389; x_wconf 87' lang='lat'>258</span> <span class='ocrx_word' id='word_1_2' title='bbox 566 326 705 393; x_wconf 73' lang='lat' dir='ltr'>nucia</span> <span class='ocrx_word' id='word_1_3' title='bbox 731 326 949 392; x_wconf 70' lang='lat' dir='ltr'>uicinius</span> <span class='ocrx_word' id='word_1_4' title='bbox 974 327 1144 393; x_wconf 76' lang='lat' dir='ltr'>uuous</span> 
     </span>
    </p>
   </div>
   <div class='ocr_carea' id='block_1_2' title="bbox 216 474 1532 2842">
    <p class='ocr_par' dir='ltr' id='par_1_2' title="bbox 316 474 1400 570">
     <span class='ocr_line' id='line_1_2' title="bbox 316 474 1400 570; baseline -0.007 -21"><span class='ocrx_word' id='word_1_5' title='bbox 316 480 372 550; x_wconf 73' lang='grc' dir='ltr'><em>καί</em></span> <span class='ocrx_word' id='word_1_6' title='bbox 391 483 515 570; x_wconf 74' lang='grc' dir='ltr'><em>άόυμίρ</em></span> <span class='ocrx_word' id='word_1_7' title='bbox 541 479 617 563; x_wconf 76' lang='grc' dir='ltr'><em>περὶ</em></span> <span class='ocrx_word' id='word_1_8' title='bbox 640 484 697 564; x_wconf 77' lang='grc' dir='ltr'>τῆς</span> <span class='ocrx_word' id='word_1_9' title='bbox 717 477 855 557; x_wconf 79' lang='grc' dir='ltr'><em>πόλεως·</em></span> <span class='ocrx_word' id='word_1_10' title='bbox 909 478 965 545; x_wconf 81' lang='grc' dir='ltr'><em>καί</em></span> <span class='ocrx_word' id='word_1_11' title='bbox 982 478 1011 545; x_wconf 83' lang='grc' dir='ltr'>οῖ</span> <span class='ocrx_word' id='word_1_12' title='bbox 1030 482 1089 563; x_wconf 78' lang='grc' dir='ltr'>μὲν</span> <span class='ocrx_word' id='word_1_13' title='bbox 1109 475 1259 545; x_wconf 77' lang='grc' dir='ltr'><strong><em>ἐσκόπουν</em></strong></span> <span class='ocrx_word' id='word_1_14' title='bbox 1279 474 1323 551; x_wconf 63' lang='lat' dir='ltr'>dg</span> <span class='ocrx_word' id='word_1_15' title='bbox 1342 498 1400 541; x_wconf 74' lang='grc' dir='ltr'><em>κα·</em></span> 
     </span>
    </p>

    <p class='ocr_par' dir='ltr' id='par_1_3' title="bbox 218 572 1426 963">
     <span class='ocr_line' id='line_1_3' title="bbox 218 572 1401 665; baseline -0.011 -13"><span class='ocrx_word' id='word_1_16' title='bbox 218 596 245 652; x_wconf 85' lang='grc' dir='ltr'>Ρ.</span> <span class='ocrx_word' id='word_1_17' title='bbox 261 577 624 665; x_wconf 72' lang='grc' dir='ltr'><em>ιίὸταπολεμισθησεται</em></span> <span class='ocrx_word' id='word_1_18' title='bbox 643 579 697 644; x_wconf 79' lang='grc' dir='ltr'><em>καί</em></span> <span class='ocrx_word' id='word_1_19' title='bbox 715 576 777 644; x_wconf 81' lang='lat' dir='ltr'>dud</span> <span class='ocrx_word' id='word_1_20' title='bbox 799 584 861 646; x_wconf 77' lang='grc' dir='ltr'>τῶν</span> <span class='ocrx_word' id='word_1_21' title='bbox 882 577 1054 665; x_wconf 88' lang='grc' dir='ltr'><em>βαρβάρων</em></span> <span class='ocrx_word' id='word_1_22' title='bbox 1073 572 1288 659; x_wconf 72' lang='grc' dir='ltr'><em>άλωθηυεται,</em></span> <span class='ocrx_word' id='word_1_23' title='bbox 1312 574 1342 637; x_wconf 78' lang='grc' dir='ltr'>οἱ</span> <span class='ocrx_word' id='word_1_24' title='bbox 1365 576 1401 639; x_wconf 77' lang='grc' dir='ltr'>δὲ</span> 
     </span>
     <span class='ocr_line' id='line_1_4' title="bbox 318 666 1402 764; baseline -0.006 -18"><span class='ocrx_word' id='word_1_25' title='bbox 318 679 489 764; x_wconf 76' lang='grc' dir='ltr'><em>ἐδόξαζον,</em></span> <span class='ocrx_word' id='word_1_26' title='bbox 525 679 569 755; x_wconf 74' lang='grc' dir='ltr'>τός</span> <span class='ocrx_word' id='word_1_27' title='bbox 596 676 613 743; x_wconf 89' lang='grc' dir='ltr'><strong><em>ό</em></strong></span> <span class='ocrx_word' id='word_1_28' title='bbox 641 675 742 762; x_wconf 69' lang='grc' dir='ltr'><em>πατὴρ</em></span> <span class='ocrx_word' id='word_1_29' title='bbox 776 683 833 744; x_wconf 89' lang='grc' dir='ltr'><em>καί</em></span> <span class='ocrx_word' id='word_1_30' title='bbox 862 677 988 754; x_wconf 86' lang='grc' dir='ltr'><em>πάππος</em></span> <span class='ocrx_word' id='word_1_31' title='bbox 1012 678 1130 758; x_wconf 81' lang='grc' dir='ltr'><em>αότοῦ,</em></span> <span class='ocrx_word' id='word_1_32' title='bbox 1159 671 1329 759; x_wconf 74' lang='grc' dir='ltr'><em>βουληθείς</em></span> <span class='ocrx_word' id='word_1_33' title='bbox 1355 666 1402 749; x_wconf 83' lang='grc' dir='ltr'>εἷς</span> 
     </span>
     <span class='ocr_line' id='line_1_5' title="bbox 317 770 1400 863; baseline -0.01 -17"><span class='ocrx_word' id='word_1_34' title='bbox 317 782 446 855; x_wconf 77' lang='grc' dir='ltr'><em>ἕκαστος</em></span> <span class='ocrx_word' id='word_1_35' title='bbox 468 781 526 843; x_wconf 80' lang='grc' dir='ltr'>τοῦ</span> <span class='ocrx_word' id='word_1_36' title='bbox 546 782 653 859; x_wconf 77' lang='grc' dir='ltr'><em>λαβεῖν</em></span> <span class='ocrx_word' id='word_1_37' title='bbox 677 776 794 861; x_wconf 57' lang='lat' dir='ltr'>artie,</span> <span class='ocrx_word' id='word_1_38' title='bbox 815 774 978 863; x_wconf 75' lang='grc' dir='ltr'>ἐφάνησαν</span> <span class='ocrx_word' id='word_1_39' title='bbox 998 777 1042 852; x_wconf 82' lang='grc' dir='ltr'>εἰς</span> <span class='ocrx_word' id='word_1_40' title='bbox 1063 774 1152 842; x_wconf 84' lang='grc' dir='ltr'><em>κενόν</em></span> <span class='ocrx_word' id='word_1_41' title='bbox 1171 770 1400 857; x_wconf 81' lang='grc' dir='ltr'><em>κεκοπιακότες,</em></span> 
     </span>
     <span class='ocr_line' id='line_1_6' title="bbox 318 868 1426 963; baseline -0.005 -22"><span class='ocrx_word' id='word_1_42' title='bbox 318 873 403 943; x_wconf 76' lang='grc' dir='ltr'><em>οὕτω</em></span> <span class='ocrx_word' id='word_1_43' title='bbox 424 878 480 941; x_wconf 85' lang='grc' dir='ltr'><em>καί</em></span> <span class='ocrx_word' id='word_1_44' title='bbox 501 868 592 952; x_wconf 77' lang='grc' dir='ltr'><em>οὗτος</em></span> <span class='ocrx_word' id='word_1_45' title='bbox 608 875 665 959; x_wconf 76' lang='grc' dir='ltr'>τὴν</span> <span class='ocrx_word' id='word_1_46' title='bbox 684 875 782 960; x_wconf 76' lang='grc' dir='ltr'><em>μάτην</em></span> <span class='ocrx_word' id='word_1_47' title='bbox 802 878 908 963; x_wconf 89' lang='grc' dir='ltr'><em>τριβον</em></span> <span class='ocrx_word' id='word_1_48' title='bbox 928 877 1044 957; x_wconf 84' lang='grc' dir='ltr'><em>βαδισϊ.</em></span> <span class='ocrx_word' id='word_1_49' title='bbox 1406 870 1426 935; x_wconf 83' lang='lat'><strong>5</strong></span> 
     </span>
    </p>

    <p class='ocr_par' dir='ltr' id='par_1_4' title="bbox 216 967 1403 1064">
     <span class='ocr_line' id='line_1_7' title="bbox 216 967 1403 1064; baseline -0.008 -20"><span class='ocrx_word' id='word_1_50' title='bbox 216 990 309 1045; x_wconf 66' lang='lat' dir='ltr'>uno</span> <span class='ocrx_word' id='word_1_51' title='bbox 400 983 452 1064; x_wconf 80' lang='lat'>37.</span> <span class='ocrx_word' id='word_1_52' title='bbox 502 972 728 1060; x_wconf 70' lang='grc' dir='ltr'><strong><em>Παρελθόντος</em></strong></span> <span class='ocrx_word' id='word_1_53' title='bbox 760 967 817 1039; x_wconf 77' lang='grc' dir='ltr'>οὖν</span> <span class='ocrx_word' id='word_1_54' title='bbox 846 976 904 1040; x_wconf 83' lang='grc' dir='ltr'>τοῦ</span> <span class='ocrx_word' id='word_1_55' title='bbox 924 976 1119 1059; x_wconf 80' lang='grc' dir='ltr'><em>Ἰανουαρίου</em></span> <span class='ocrx_word' id='word_1_56' title='bbox 1149 968 1247 1057; x_wconf 82' lang='grc' dir='ltr'><em>μηνός</em></span> <span class='ocrx_word' id='word_1_57' title='bbox 1266 974 1323 1036; x_wconf 81' lang='grc' dir='ltr'><em>καί</em></span> <span class='ocrx_word' id='word_1_58' title='bbox 1342 971 1403 1037; x_wconf 75' lang='grc' dir='ltr'>τοῦ</span> 
     </span>
    </p>

    <p class='ocr_par' dir='ltr' id='par_1_5' title="bbox 285 1063 1532 2842">
     <span class='ocr_line' id='line_1_8' title="bbox 285 1063 1401 1160; baseline -0.01 -17"><span class='ocrx_word' id='word_1_59' title='bbox 285 1063 539 1160; x_wconf 76' lang='grc' dir='ltr'>ΒΦεβρουαρίου</span> <span class='ocrx_word' id='word_1_60' title='bbox 561 1068 711 1157; x_wconf 82' lang='grc' dir='ltr'><em>άρξαντυς</em></span> <span class='ocrx_word' id='word_1_61' title='bbox 732 1076 876 1139; x_wconf 81' lang='grc' dir='ltr'><em>ἐκέλευσε</em></span> <span class='ocrx_word' id='word_1_62' title='bbox 896 1071 954 1158; x_wconf 72' lang='grc' dir='ltr'>τὴν</span> <span class='ocrx_word' id='word_1_63' title='bbox 971 1075 1107 1157; x_wconf 75' lang='grc' dir='ltr'><em>χωνείαν</em></span> <span class='ocrx_word' id='word_1_64' title='bbox 1129 1071 1401 1155; x_wconf 72' lang='grc' dir='ltr'><em>μετακομισθῆναι</em></span> 
     </span>
     <span class='ocr_line' id='line_1_9' title="bbox 315 1160 1402 1262; baseline -0.009 -21"><span class='ocrx_word' id='word_1_65' title='bbox 315 1180 350 1241; x_wconf 79' lang='grc' dir='ltr'>ἐν</span> <span class='ocrx_word' id='word_1_66' title='bbox 368 1179 407 1262; x_wconf 78' lang='grc' dir='ltr'>τῇ</span> <span class='ocrx_word' id='word_1_67' title='bbox 419 1172 756 1254; x_wconf 78' lang='grc' dir='ltr'><em>Κωνοταντινουπόλει,</em></span> <span class='ocrx_word' id='word_1_68' title='bbox 772 1176 827 1237; x_wconf 77' lang='grc' dir='ltr'><em>καί</em></span> <span class='ocrx_word' id='word_1_69' title='bbox 842 1169 951 1251; x_wconf 75' lang='grc' dir='ltr'><em>ζεύξας</em></span> <span class='ocrx_word' id='word_1_70' title='bbox 966 1167 1089 1252; x_wconf 77' lang='grc' dir='ltr'><em>ἁμάξας</em></span> <span class='ocrx_word' id='word_1_71' title='bbox 1108 1169 1277 1255; x_wconf 85' lang='grc' dir='ltr'><em>τριάκοντα</em></span> <span class='ocrx_word' id='word_1_72' title='bbox 1298 1160 1402 1233; x_wconf 80' lang='grc' dir='ltr'><em>εἷλκον</em></span> 
     </span>
     <span class='ocr_line' id='line_1_10' title="bbox 315 1264 1403 1358; baseline -0.009 -18"><span class='ocrx_word' id='word_1_73' title='bbox 315 1272 416 1358; x_wconf 63' lang='lat' dir='ltr'>odada</span> <span class='ocrx_word' id='word_1_74' title='bbox 431 1264 561 1337; x_wconf 75' lang='grc' dir='ltr'><em>ὄπισθεν</em></span> <span class='ocrx_word' id='word_1_75' title='bbox 573 1271 602 1335; x_wconf 77' lang='grc' dir='ltr'>οἱ</span> <span class='ocrx_word' id='word_1_76' title='bbox 621 1271 643 1351; x_wconf 65' lang='grc' dir='ltr'>ξ’</span> <span class='ocrx_word' id='word_1_77' title='bbox 660 1269 744 1353; x_wconf 84' lang='grc' dir='ltr'><em>βόες,</em></span> <span class='ocrx_word' id='word_1_78' title='bbox 759 1272 839 1353; x_wconf 82' lang='grc' dir='ltr'><em>λέγω</em></span> <span class='ocrx_word' id='word_1_79' title='bbox 852 1266 923 1353; x_wconf 82' lang='grc' dir='ltr'>βόες</span> <span class='ocrx_word' id='word_1_80' title='bbox 943 1272 1042 1353; x_wconf 71' lang='grc' dir='ltr'><strong><em>βοοῖν·</em></strong></span> <span class='ocrx_word' id='word_1_81' title='bbox 1064 1270 1119 1333; x_wconf 85' lang='grc' dir='ltr'><strong><em>καί</em></strong></span> <span class='ocrx_word' id='word_1_82' title='bbox 1138 1269 1172 1333; x_wconf 79' lang='grc' dir='ltr'>ἐκ</span> <span class='ocrx_word' id='word_1_83' title='bbox 1192 1271 1325 1351; x_wconf 89' lang='grc' dir='ltr'><em>πλαγίου</em></span> <span class='ocrx_word' id='word_1_84' title='bbox 1344 1266 1403 1349; x_wconf 76' lang='grc' dir='ltr'>τῆς</span> 
     </span>
     <span class='ocr_line' id='line_1_11' title="bbox 312 1364 1451 1457; baseline -0.006 -19"><span class='ocrx_word' id='word_1_85' title='bbox 312 1375 447 1457; x_wconf 88' lang='grc' dir='ltr'><em>χωνείας</em></span> <span class='ocrx_word' id='word_1_86' title='bbox 467 1364 579 1455; x_wconf 74' lang='grc' dir='ltr'><em>ἄνδρες</em></span> <span class='ocrx_word' id='word_1_87' title='bbox 601 1372 649 1453; x_wconf 81' lang='grc' dir='ltr'>σ’,</span> <span class='ocrx_word' id='word_1_88' title='bbox 685 1369 741 1433; x_wconf 77' lang='grc' dir='ltr'><em>καί</em></span> <span class='ocrx_word' id='word_1_89' title='bbox 759 1372 805 1443; x_wconf 84' lang='grc' dir='ltr'>εἰς</span> <span class='ocrx_word' id='word_1_90' title='bbox 824 1368 857 1433; x_wconf 86' lang='grc' dir='ltr'>τό</span> <span class='ocrx_word' id='word_1_91' title='bbox 879 1371 912 1434; x_wconf 77' lang='grc' dir='ltr'>ἓν</span> <span class='ocrx_word' id='word_1_92' title='bbox 930 1367 986 1432; x_wconf 81' lang='grc' dir='ltr'><em>καί</em></span> <span class='ocrx_word' id='word_1_93' title='bbox 1005 1370 1050 1443; x_wconf 82' lang='grc' dir='ltr'>εἰς</span> <span class='ocrx_word' id='word_1_94' title='bbox 1068 1366 1103 1431; x_wconf 91' lang='grc' dir='ltr'>τό</span> <span class='ocrx_word' id='word_1_95' title='bbox 1126 1371 1243 1453; x_wconf 81' lang='grc' dir='ltr'><em>ἓτερον,</em></span> <span class='ocrx_word' id='word_1_96' title='bbox 1264 1370 1324 1431; x_wconf 79' lang='grc' dir='ltr'>τοῦ</span> <span class='ocrx_word' id='word_1_97' title='bbox 1345 1369 1401 1432; x_wconf 79' lang='grc' dir='ltr'>ἓλ-</span> <span class='ocrx_word' id='word_1_98' title='bbox 1415 1389 1451 1431; x_wconf 83' lang='grc' dir='ltr'>ιο</span> 
     </span>
     <span class='ocr_line' id='line_1_12' title="bbox 313 1462 1405 1551; baseline -0.004 -17"><span class='ocrx_word' id='word_1_99' title='bbox 313 1494 380 1535; x_wconf 85' lang='grc' dir='ltr'><em>κειν</em></span> <span class='ocrx_word' id='word_1_100' title='bbox 402 1470 458 1533; x_wconf 80' lang='grc' dir='ltr'><em>καί</em></span> <span class='ocrx_word' id='word_1_101' title='bbox 477 1471 601 1547; x_wconf 74' lang='grc' dir='ltr'><em>ἒξισοῦν</em></span> <span class='ocrx_word' id='word_1_102' title='bbox 624 1467 733 1551; x_wconf 67' lang='lat' dir='ltr'>aderis,</span> <span class='ocrx_word' id='word_1_103' title='bbox 756 1469 808 1532; x_wconf 75' lang='grc' dir='ltr'><em>ἵνα</em></span> <span class='ocrx_word' id='word_1_104' title='bbox 827 1467 872 1551; x_wconf 75' lang='grc' dir='ltr'>μὴ</span> <span class='ocrx_word' id='word_1_105' title='bbox 896 1462 1060 1551; x_wconf 71' lang='grc' dir='ltr'><em>όλισθησει</em></span> <span class='ocrx_word' id='word_1_106' title='bbox 1083 1470 1142 1531; x_wconf 80' lang='grc' dir='ltr'>τοῦ</span> <span class='ocrx_word' id='word_1_107' title='bbox 1162 1464 1302 1549; x_wconf 87' lang='grc' dir='ltr'><em>δρόμου·</em></span> <span class='ocrx_word' id='word_1_108' title='bbox 1345 1464 1405 1531; x_wconf 76' lang='grc' dir='ltr'><em>καὶ</em></span> 
     </span>
     <span class='ocr_line' id='line_1_13' title="bbox 314 1560 1403 1654; baseline -0.006 -20"><span class='ocrx_word' id='word_1_109' title='bbox 314 1567 494 1654; x_wconf 68' lang='grc' dir='ltr'><em>ἔμπροσθεν</em></span> <span class='ocrx_word' id='word_1_110' title='bbox 513 1570 576 1631; x_wconf 84' lang='grc' dir='ltr'>τιόν</span> <span class='ocrx_word' id='word_1_111' title='bbox 598 1564 727 1649; x_wconf 73' lang='grc' dir='ltr'><em>ἁμαξῶν</em></span> <span class='ocrx_word' id='word_1_112' title='bbox 746 1570 885 1642; x_wconf 82' lang='grc' dir='ltr'><em>τέκτονες</em></span> <span class='ocrx_word' id='word_1_113' title='bbox 907 1563 942 1646; x_wconf 87' lang='grc' dir='ltr'>ν’,</span> <span class='ocrx_word' id='word_1_114' title='bbox 965 1570 1022 1631; x_wconf 78' lang='grc' dir='ltr'>τοῦ</span> <span class='ocrx_word' id='word_1_115' title='bbox 1037 1566 1282 1644; x_wconf 76' lang='grc' dir='ltr'><em>κατασκευάζειν</em></span> <span class='ocrx_word' id='word_1_116' title='bbox 1300 1560 1403 1649; x_wconf 72' lang='grc' dir='ltr'><em>γεφύ-</em></span> 
     </span>
     <span class='ocr_line' id='line_1_14' title="bbox 315 1660 1403 1753; baseline -0.005 -22"><span class='ocrx_word' id='word_1_117' title='bbox 315 1691 375 1753; x_wconf 82' lang='grc' dir='ltr'><em>ρας</em></span> <span class='ocrx_word' id='word_1_118' title='bbox 394 1666 537 1743; x_wconf 74' lang='grc' dir='ltr'>ξυλίνους</span> <span class='ocrx_word' id='word_1_119' title='bbox 558 1666 603 1741; x_wconf 84' lang='grc' dir='ltr'>εἰς</span> <span class='ocrx_word' id='word_1_120' title='bbox 632 1664 690 1741; x_wconf 83' lang='grc' dir='ltr'>τάς</span> <span class='ocrx_word' id='word_1_121' title='bbox 710 1664 893 1747; x_wconf 75' lang='grc' dir='ltr'><em>ἀνωμαλίαις</em></span> <span class='ocrx_word' id='word_1_122' title='bbox 917 1669 975 1748; x_wconf 77' lang='grc' dir='ltr'>τῆς</span> <span class='ocrx_word' id='word_1_123' title='bbox 995 1662 1092 1749; x_wconf 79' lang='grc' dir='ltr'><em>ὁδοῦ,</em></span> <span class='ocrx_word' id='word_1_124' title='bbox 1114 1666 1169 1728; x_wconf 80' lang='grc' dir='ltr'><em>καί</em></span> <span class='ocrx_word' id='word_1_125' title='bbox 1188 1662 1317 1749; x_wconf 75' lang='grc' dir='ltr'><em>ἐργάται</em></span> <span class='ocrx_word' id='word_1_126' title='bbox 1338 1660 1403 1742; x_wconf 76' lang='grc' dir='ltr'>σάν</span> 
     </span>
     <span class='ocr_line' id='line_1_15' title="bbox 315 1760 1404 1849; baseline -0.006 -18"><span class='ocrx_word' id='word_1_127' title='bbox 315 1766 425 1841; x_wconf 68' lang='lat' dir='ltr'>advola</span> <span class='ocrx_word' id='word_1_128' title='bbox 445 1761 485 1835; x_wconf 87' lang='grc' dir='ltr'>σ’.</span> <span class='ocrx_word' id='word_1_129' title='bbox 528 1764 654 1848; x_wconf 80' lang='grc' dir='ltr'><em>ἐποίησε</em></span> <span class='ocrx_word' id='word_1_130' title='bbox 672 1766 747 1847; x_wconf 85' lang='grc' dir='ltr'>γοόν</span> <span class='ocrx_word' id='word_1_131' title='bbox 769 1761 825 1828; x_wconf 88' lang='grc' dir='ltr'>τόν</span> <span class='ocrx_word' id='word_1_132' title='bbox 843 1762 1063 1849; x_wconf 80' lang='grc' dir='ltr'>Φεβρουάριον</span> <span class='ocrx_word' id='word_1_133' title='bbox 1084 1766 1140 1828; x_wconf 84' lang='grc' dir='ltr'><em>καί</em></span> <span class='ocrx_word' id='word_1_134' title='bbox 1157 1760 1319 1847; x_wconf 85' lang='grc' dir='ltr'><em>Μάρτιον,</em></span> <span class='ocrx_word' id='word_1_135' title='bbox 1340 1764 1404 1837; x_wconf 81' lang='grc' dir='ltr'>ἓως</span> 
     </span>
     <span class='ocr_line' id='line_1_16' title="bbox 316 1855 1453 1951; baseline -0.004 -24"><span class='ocrx_word' id='word_1_136' title='bbox 316 1855 357 1930; x_wconf 73' lang='grc' dir='ltr'>οὗ</span> <span class='ocrx_word' id='word_1_137' title='bbox 385 1863 575 1948; x_wconf 80' lang='grc' dir='ltr'><em>κατήντησεν</em></span> <span class='ocrx_word' id='word_1_138' title='bbox 601 1864 635 1927; x_wconf 78' lang='grc' dir='ltr'>ἐν</span> <span class='ocrx_word' id='word_1_139' title='bbox 665 1859 750 1951; x_wconf 77' lang='grc' dir='ltr'>τόπῳ</span> <span class='ocrx_word' id='word_1_140' title='bbox 769 1858 897 1947; x_wconf 88' lang='grc' dir='ltr'><em>μακράν</em></span> <span class='ocrx_word' id='word_1_141' title='bbox 927 1863 983 1946; x_wconf 78' lang='grc' dir='ltr'>τῆς</span> <span class='ocrx_word' id='word_1_142' title='bbox 1003 1858 1123 1939; x_wconf 85' lang='grc' dir='ltr'><em>πόλεως</em></span> <span class='ocrx_word' id='word_1_143' title='bbox 1143 1860 1204 1927; x_wconf 81' lang='lat' dir='ltr'>dud</span> <span class='ocrx_word' id='word_1_144' title='bbox 1225 1858 1341 1942; x_wconf 81' lang='grc' dir='ltr'><em>μιλίων</em></span> <span class='ocrx_word' id='word_1_145' title='bbox 1363 1856 1453 1925; x_wconf 82' lang='grc' dir='ltr'><em>ε’.15</em></span> 
     </span>
     <span class='ocr_line' id='line_1_17' title="bbox 316 1955 1404 2047; baseline -0.004 -21"><span class='ocrx_word' id='word_1_146' title='bbox 316 1958 355 2047; x_wconf 79' lang='grc' dir='ltr'>ἢν</span> <span class='ocrx_word' id='word_1_147' title='bbox 374 1964 435 2047; x_wconf 84' lang='grc' dir='ltr'>γὰρ</span> <span class='ocrx_word' id='word_1_148' title='bbox 458 1960 476 2026; x_wconf 86' lang='grc' dir='ltr'><strong><em>ό</em></strong></span> <span class='ocrx_word' id='word_1_149' title='bbox 499 1964 669 2044; x_wconf 86' lang='grc' dir='ltr'><em>Καρατζία</em></span> <span class='ocrx_word' id='word_1_150' title='bbox 700 1984 788 2045; x_wconf 82' lang='grc' dir='ltr'><em>πεγις</em></span> <span class='ocrx_word' id='word_1_151' title='bbox 807 1959 866 2045; x_wconf 88' lang='grc' dir='ltr'>πρό</span> <span class='ocrx_word' id='word_1_152' title='bbox 889 1963 1002 2045; x_wconf 79' lang='grc' dir='ltr'>καιροῦ</span> <span class='ocrx_word' id='word_1_153' title='bbox 1022 1959 1168 2035; x_wconf 72' lang='grc' dir='ltr'><em>σταλθείς</em></span> <span class='ocrx_word' id='word_1_154' title='bbox 1187 1957 1245 2025; x_wconf 85' lang='grc' dir='ltr'>σόν</span> <span class='ocrx_word' id='word_1_155' title='bbox 1265 1955 1404 2042; x_wconf 77' lang='grc' dir='ltr'><em>δυνάμει</em></span> 
     </span>
     <span class='ocr_line' id='line_1_18' title="bbox 287 2053 1403 2146; baseline 0.001 -25"><span class='ocrx_word' id='word_1_156' title='bbox 287 2062 363 2137; x_wconf 67' lang='grc' dir='ltr'><em>(ἱείς</em></span> <span class='ocrx_word' id='word_1_157' title='bbox 382 2059 423 2125; x_wconf 81' lang='grc' dir='ltr'>τό</span> <span class='ocrx_word' id='word_1_158' title='bbox 443 2065 502 2128; x_wconf 76' lang='grc' dir='ltr'>κοῦ</span> <span class='ocrx_word' id='word_1_159' title='bbox 522 2058 651 2126; x_wconf 89' lang='grc' dir='ltr'><strong><em>Πόντου</em></strong></span> <span class='ocrx_word' id='word_1_160' title='bbox 673 2057 812 2146; x_wconf 87' lang='grc' dir='ltr'><em>κάστρα,</em></span> <span class='ocrx_word' id='word_1_161' title='bbox 832 2053 927 2146; x_wconf 77' lang='grc' dir='ltr'><em>ἤγουν</em></span> <span class='ocrx_word' id='word_1_162' title='bbox 939 2063 1151 2145; x_wconf 86' lang='grc' dir='ltr'><em>Μεσημβρίαν</em></span> <span class='ocrx_word' id='word_1_163' title='bbox 1162 2062 1319 2144; x_wconf 74' lang='grc' dir='ltr'><em>Ἀχελάου</em></span> <span class='ocrx_word' id='word_1_164' title='bbox 1330 2064 1403 2125; x_wconf 86' lang='grc' dir='ltr'>Βυ-</span> 
     </span>
     <span class='ocr_line' id='line_1_19' title="bbox 317 2153 1407 2245; baseline 0.002 -24"><span class='ocrx_word' id='word_1_165' title='bbox 317 2157 374 2239; x_wconf 84' lang='grc' dir='ltr'>ζόν</span> <span class='ocrx_word' id='word_1_166' title='bbox 398 2158 512 2227; x_wconf 77' lang='grc' dir='ltr'><em>καὶτὰ</em></span> <span class='ocrx_word' id='word_1_167' title='bbox 534 2160 645 2240; x_wconf 87' lang='grc' dir='ltr'><em>λοιπά,</em></span> <span class='ocrx_word' id='word_1_168' title='bbox 671 2160 726 2225; x_wconf 80' lang='grc' dir='ltr'><em>καί</em></span> <span class='ocrx_word' id='word_1_169' title='bbox 754 2158 834 2245; x_wconf 83' lang='grc' dir='ltr'>πρός</span> <span class='ocrx_word' id='word_1_170' title='bbox 854 2156 968 2224; x_wconf 75' lang='grc' dir='ltr'><em>ἑαυτόν</em></span> <span class='ocrx_word' id='word_1_171' title='bbox 990 2160 1169 2243; x_wconf 78' lang='grc' dir='ltr'><em>ἐποιήσατο.</em></span> <span class='ocrx_word' id='word_1_172' title='bbox 1209 2153 1326 2241; x_wconf 77' lang='grc' dir='ltr'><em>ὁμοίως</em></span> <span class='ocrx_word' id='word_1_173' title='bbox 1345 2160 1407 2223; x_wconf 75' lang='grc' dir='ltr'><em>καί</em></span> 
     </span>
     <span class='ocr_line' id='line_1_20' title="bbox 316 2255 1532 2345; baseline -0.005 -18"><span class='ocrx_word' id='word_1_174' title='bbox 316 2257 398 2343; x_wconf 87' lang='grc' dir='ltr'>πρός</span> <span class='ocrx_word' id='word_1_175' title='bbox 422 2257 479 2344; x_wconf 76' lang='grc' dir='ltr'>την</span> <span class='ocrx_word' id='word_1_176' title='bbox 506 2259 709 2343; x_wconf 74' lang='grc' dir='ltr'>Σηλυμβρίαν</span> <span class='ocrx_word' id='word_1_177' title='bbox 740 2259 867 2340; x_wconf 73' lang='grc' dir='ltr'><em>κειμενα</em></span> <span class='ocrx_word' id='word_1_178' title='bbox 891 2255 1009 2341; x_wconf 86' lang='grc' dir='ltr'><em>πόργια</em></span> <span class='ocrx_word' id='word_1_179' title='bbox 1037 2260 1096 2322; x_wconf 80' lang='grc' dir='ltr'>τοῦ</span> <span class='ocrx_word' id='word_1_180' title='bbox 1122 2258 1213 2341; x_wconf 76' lang='grc' dir='ltr'><em>ἁγίου</em></span> <span class='ocrx_word' id='word_1_181' title='bbox 1235 2255 1404 2345; x_wconf 80' lang='grc' dir='ltr'><em>Στεφάνου</em></span> <span class='ocrx_word' id='word_1_182' title='bbox 1531 2324 1532 2331; x_wconf 37' lang='grc'><em>,</em></span> 
     </span>
     <span class='ocr_line' id='line_1_21' title="bbox 315 2350 1532 2445; baseline -0.007 -19"><span class='ocrx_word' id='word_1_183' title='bbox 315 2359 378 2427; x_wconf 79' lang='grc' dir='ltr'>σάν</span> <span class='ocrx_word' id='word_1_184' title='bbox 404 2363 528 2445; x_wconf 78' lang='grc' dir='ltr'><em>πολέμῳ</em></span> <span class='ocrx_word' id='word_1_185' title='bbox 560 2357 668 2440; x_wconf 76' lang='grc' dir='ltr'><em>λαβὼν</em></span> <span class='ocrx_word' id='word_1_186' title='bbox 697 2355 817 2436; x_wconf 83' lang='grc' dir='ltr'><em>πάντας</em></span> <span class='ocrx_word' id='word_1_187' title='bbox 844 2354 916 2433; x_wconf 75' lang='grc' dir='ltr'><strong><em>νοός</em></strong></span> <span class='ocrx_word' id='word_1_188' title='bbox 947 2353 1036 2422; x_wconf 83' lang='grc' dir='ltr'><em>ἔνδον</em></span> <span class='ocrx_word' id='word_1_189' title='bbox 1055 2360 1270 2444; x_wconf 79' lang='grc' dir='ltr'><em>κατέσφαξεν·</em></span> <span class='ocrx_word' id='word_1_190' title='bbox 1312 2355 1341 2421; x_wconf 81' lang='lat' dir='ltr'>oi</span> <span class='ocrx_word' id='word_1_191' title='bbox 1364 2358 1404 2422; x_wconf 85' lang='grc' dir='ltr'>δὲ</span> <span class='ocrx_word' id='word_1_192' title='bbox 1415 2377 1455 2419; x_wconf 81' lang='lat' dir='ltr'>ao</span> <span class='ocrx_word' id='word_1_193' title='bbox 1531 2350 1532 2353; x_wconf 45' lang='lat'>&#39;</span> 
     </span>
     <span class='ocr_line' id='line_1_22' title="bbox 315 2443 1532 2541; baseline 0 -20"><span class='ocrx_word' id='word_1_194' title='bbox 315 2455 422 2522; x_wconf 78' lang='grc' dir='ltr'><em>λοιποί</em></span> <span class='ocrx_word' id='word_1_195' title='bbox 445 2457 559 2541; x_wconf 86' lang='grc' dir='ltr'><em>πόργυι</em></span> <span class='ocrx_word' id='word_1_196' title='bbox 589 2458 843 2540; x_wconf 74' lang='grc' dir='ltr'><em>προσεκύνησαν,</em></span> <span class='ocrx_word' id='word_1_197' title='bbox 875 2459 930 2520; x_wconf 80' lang='grc' dir='ltr'><em>καί</em></span> <span class='ocrx_word' id='word_1_198' title='bbox 948 2453 978 2519; x_wconf 81' lang='grc' dir='ltr'>οἱ</span> <span class='ocrx_word' id='word_1_199' title='bbox 1011 2455 1174 2538; x_wconf 81' lang='grc' dir='ltr'><em>ἐπιβάται·</em></span> <span class='ocrx_word' id='word_1_200' title='bbox 1227 2450 1297 2522; x_wconf 79' lang='grc' dir='ltr'><em>ὅσοι</em></span> <span class='ocrx_word' id='word_1_201' title='bbox 1322 2459 1406 2540; x_wconf 79' lang='grc' dir='ltr'><em>γοῦν</em></span> <span class='ocrx_word' id='word_1_202' title='bbox 1531 2443 1532 2476; x_wconf 40' lang='lat' dir='ltr'>l</span> 
     </span>
     <span class='ocr_line' id='line_1_23' title="bbox 315 2551 1408 2638; baseline 0 -20"><span class='ocrx_word' id='word_1_203' title='bbox 315 2551 543 2638; x_wconf 72' lang='grc' dir='ltr'><em>παρεδόθησαν</em></span> <span class='ocrx_word' id='word_1_204' title='bbox 570 2554 719 2636; x_wconf 79' lang='grc' dir='ltr'><em>ἀβλαβεῖς</em></span> <span class='ocrx_word' id='word_1_205' title='bbox 740 2555 907 2636; x_wconf 72' lang='grc' dir='ltr'><em>ἐσώθησαν</em></span> <span class='ocrx_word' id='word_1_206' title='bbox 914 2604 924 2635; x_wconf 88' lang='grc'><em>,</em></span> <span class='ocrx_word' id='word_1_207' title='bbox 957 2551 987 2619; x_wconf 80' lang='lat' dir='ltr'>ot</span> <span class='ocrx_word' id='word_1_208' title='bbox 1009 2556 1045 2619; x_wconf 79' lang='grc' dir='ltr'>δὲ</span> <span class='ocrx_word' id='word_1_209' title='bbox 1066 2554 1302 2630; x_wconf 74' lang='grc' dir='ltr'><em>α’ντισταθέντες</em></span> <span class='ocrx_word' id='word_1_210' title='bbox 1320 2555 1408 2622; x_wconf 79' lang='grc' dir='ltr'><em>άπε-</em></span> 
     </span>
     <span class='ocr_line' id='line_1_24' title="bbox 315 2649 1407 2740; baseline 0.003 -25"><span class='ocrx_word' id='word_1_211' title='bbox 315 2655 567 2736; x_wconf 76' lang='grc' dir='ltr'><em>κιφαλίσβησαν.</em></span> <span class='ocrx_word' id='word_1_212' title='bbox 616 2649 637 2737; x_wconf 77' lang='grc' dir='ltr'><em>ἢ</em></span> <span class='ocrx_word' id='word_1_213' title='bbox 668 2655 704 2717; x_wconf 81' lang='grc' dir='ltr'>δὲ</span> <span class='ocrx_word' id='word_1_214' title='bbox 723 2655 909 2737; x_wconf 76' lang='grc' dir='ltr'><em>Σηλυμβρία</em></span> <span class='ocrx_word' id='word_1_215' title='bbox 942 2657 1091 2734; x_wconf 76' lang='grc' dir='ltr'><em>μαχίμως</em></span> <span class='ocrx_word' id='word_1_216' title='bbox 1114 2653 1295 2718; x_wconf 71' lang='grc' dir='ltr'><em>άνθιστατο.</em></span> <span class='ocrx_word' id='word_1_217' title='bbox 1340 2659 1407 2740; x_wconf 81' lang='grc' dir='ltr'>φέ-</span> 
     </span>
     <span class='ocr_line' id='line_1_25' title="bbox 316 2742 1407 2842; baseline 0.002 -30"><span class='ocrx_word' id='word_1_218' title='bbox 316 2773 423 2835; x_wconf 88' lang='grc' dir='ltr'><em>ροντες</em></span> <span class='ocrx_word' id='word_1_219' title='bbox 443 2743 502 2814; x_wconf 75' lang='grc' dir='ltr'>οὖν</span> <span class='ocrx_word' id='word_1_220' title='bbox 528 2748 585 2833; x_wconf 75' lang='grc' dir='ltr'>τὴν</span> <span class='ocrx_word' id='word_1_221' title='bbox 613 2751 730 2836; x_wconf 78' lang='grc' dir='ltr'><em>σκευὴν</em></span> <span class='ocrx_word' id='word_1_222' title='bbox 757 2752 792 2815; x_wconf 79' lang='grc' dir='ltr'>όν</span> <span class='ocrx_word' id='word_1_223' title='bbox 813 2752 855 2840; x_wconf 75' lang='grc' dir='ltr'>τῷ</span> <span class='ocrx_word' id='word_1_224' title='bbox 876 2749 959 2840; x_wconf 83' lang='grc' dir='ltr'>τόπῳ</span> <span class='ocrx_word' id='word_1_225' title='bbox 982 2742 1008 2840; x_wconf 75' lang='grc' dir='ltr'><em>ᾧ</em></span> <span class='ocrx_word' id='word_1_226' title='bbox 1026 2747 1259 2837; x_wconf 74' lang='grc' dir='ltr'><em>ε’κελεόθησαν,</em></span> <span class='ocrx_word' id='word_1_227' title='bbox 1281 2753 1407 2842; x_wconf 68' lang='grc' dir='ltr'><em>καὶτῷ</em></span> 
     </span>
    </p>
   </div>
   <div class='ocr_carea' id='block_1_3' title="bbox 275 2951 1416 4218">
    <p class='ocr_par' dir='ltr' id='par_1_6' title="bbox 275 2951 1416 4218">
     <span class='ocr_line' id='line_1_26' title="bbox 337 2951 1407 3005; baseline 0.001 -4"><span class='ocrx_word' id='word_1_228' title='bbox 337 2951 470 3004; x_wconf 79' lang='lat' dir='ltr'>refectura</span> <span class='ocrx_word' id='word_1_229' title='bbox 488 2959 554 3002; x_wconf 85' lang='lat' dir='ltr'>erat.</span> <span class='ocrx_word' id='word_1_230' title='bbox 572 2966 665 3003; x_wconf 85' lang='lat' dir='ltr'>omnes</span> <span class='ocrx_word' id='word_1_231' title='bbox 683 2952 788 3003; x_wconf 86' lang='lat' dir='ltr'>interea</span> <span class='ocrx_word' id='word_1_232' title='bbox 807 2953 912 3005; x_wconf 84' lang='lat' dir='ltr'>insulae</span> <span class='ocrx_word' id='word_1_233' title='bbox 931 2953 965 3004; x_wconf 91' lang='lat' dir='ltr'>de</span> <span class='ocrx_word' id='word_1_234' title='bbox 978 2953 1053 3005; x_wconf 85' lang='lat' dir='ltr'>urbis</span> <span class='ocrx_word' id='word_1_235' title='bbox 1074 2954 1161 3005; x_wconf 85' lang='lat' dir='ltr'>salute</span> <span class='ocrx_word' id='word_1_236' title='bbox 1179 2953 1275 3003; x_wconf 78' lang='lat' dir='ltr'>anxiae</span> <span class='ocrx_word' id='word_1_237' title='bbox 1292 2967 1325 3002; x_wconf 85' lang='lat' dir='ltr'>ac</span> <span class='ocrx_word' id='word_1_238' title='bbox 1341 2953 1407 3003; x_wconf 85' lang='lat' dir='ltr'>sol-</span> 
     </span>
     <span class='ocr_line' id='line_1_27' title="bbox 315 2969 1407 3092; baseline 0.004 -20"><span class='ocrx_word' id='word_1_239' title='bbox 315 2969 409 3074; x_wconf 77' lang='lat' dir='ltr'>licitae</span> <span class='ocrx_word' id='word_1_240' title='bbox 426 3023 506 3074; x_wconf 83' lang='lat' dir='ltr'>variis</span> <span class='ocrx_word' id='word_1_241' title='bbox 533 3022 676 3073; x_wconf 76' lang='lat' dir='ltr'><strong>sententiis</strong></span> <span class='ocrx_word' id='word_1_242' title='bbox 695 3021 928 3075; x_wconf 74' lang='lat' dir='ltr'><strong>distrahebantur:</strong></span> <span class='ocrx_word' id='word_1_243' title='bbox 950 3023 998 3074; x_wconf 88' lang='lat' dir='ltr'>alii</span> <span class='ocrx_word' id='word_1_244' title='bbox 1027 3025 1084 3075; x_wconf 81' lang='lat' dir='ltr'>sore</span> <span class='ocrx_word' id='word_1_245' title='bbox 1114 3033 1147 3075; x_wconf 83' lang='lat' dir='ltr'>ut</span> <span class='ocrx_word' id='word_1_246' title='bbox 1169 3031 1370 3092; x_wconf 79' lang='lat' dir='ltr'>expugnaretur</span> <span class='ocrx_word' id='word_1_247' title='bbox 1387 3041 1407 3076; x_wconf 79' lang='lat' dir='ltr'>a</span> 
     </span>
     <span class='ocr_line' id='line_1_28' title="bbox 317 3091 1407 3163; baseline 0.005 -22"><span class='ocrx_word' id='word_1_248' title='bbox 317 3091 439 3143; x_wconf 84' lang='lat' dir='ltr'>barbaris</span> <span class='ocrx_word' id='word_1_249' title='bbox 467 3102 495 3144; x_wconf 90' lang='lat' dir='ltr'>et</span> <span class='ocrx_word' id='word_1_250' title='bbox 519 3101 696 3161; x_wconf 79' lang='lat' dir='ltr'>occuparetur</span> <span class='ocrx_word' id='word_1_251' title='bbox 723 3094 914 3146; x_wconf 85' lang='lat' dir='ltr'>coniiciebant.</span> <span class='ocrx_word' id='word_1_252' title='bbox 944 3095 1005 3158; x_wconf 87' lang='lat' dir='ltr'>alii,</span> <span class='ocrx_word' id='word_1_253' title='bbox 1033 3093 1169 3163; x_wconf 88' lang='lat' dir='ltr'>quomodo</span> <span class='ocrx_word' id='word_1_254' title='bbox 1188 3103 1266 3162; x_wconf 88' lang='lat' dir='ltr'>pater</span> <span class='ocrx_word' id='word_1_255' title='bbox 1282 3103 1311 3145; x_wconf 90' lang='lat' dir='ltr'>et</span> <span class='ocrx_word' id='word_1_256' title='bbox 1331 3109 1407 3146; x_wconf 73' lang='lat' dir='ltr'>avus</span> 
     </span>
     <span class='ocr_line' id='line_1_29' title="bbox 316 3162 1409 3234; baseline 0.004 -24"><span class='ocrx_word' id='word_1_257' title='bbox 316 3163 406 3226; x_wconf 84' lang='lat' dir='ltr'>istius,</span> <span class='ocrx_word' id='word_1_258' title='bbox 425 3179 473 3213; x_wconf 79' lang='lat' dir='ltr'>suo</span> <span class='ocrx_word' id='word_1_259' title='bbox 491 3162 606 3232; x_wconf 84' lang='lat' dir='ltr'>quisque</span> <span class='ocrx_word' id='word_1_260' title='bbox 617 3173 748 3231; x_wconf 84' lang='lat' dir='ltr'>ternpore,</span> <span class='ocrx_word' id='word_1_261' title='bbox 767 3164 836 3215; x_wconf 85' lang='lat' dir='ltr'>hanc</span> <span class='ocrx_word' id='word_1_262' title='bbox 852 3165 1053 3233; x_wconf 75' lang='lat' dir='ltr'>expeditionem</span> <span class='ocrx_word' id='word_1_263' title='bbox 1068 3163 1242 3234; x_wconf 80' lang='lat' dir='ltr'>susceperant</span> <span class='ocrx_word' id='word_1_264' title='bbox 1259 3171 1287 3215; x_wconf 88' lang='lat' dir='ltr'>et</span> <span class='ocrx_word' id='word_1_265' title='bbox 1303 3178 1333 3214; x_wconf 88' lang='lat' dir='ltr'>re</span> <span class='ocrx_word' id='word_1_266' title='bbox 1354 3163 1409 3214; x_wconf 85' lang='lat' dir='ltr'>in-</span> 
     </span>
     <span class='ocr_line' id='line_1_30' title="bbox 318 3231 1408 3304; baseline 0.007 -24"><span class='ocrx_word' id='word_1_267' title='bbox 318 3231 389 3281; x_wconf 83' lang='lat' dir='ltr'>secta</span> <span class='ocrx_word' id='word_1_268' title='bbox 419 3233 614 3296; x_wconf 74' lang='lat' dir='ltr'>discesserant,</span> <span class='ocrx_word' id='word_1_269' title='bbox 640 3235 680 3283; x_wconf 86' lang='lat' dir='ltr'>ita</span> <span class='ocrx_word' id='word_1_270' title='bbox 705 3233 778 3285; x_wconf 90' lang='lat' dir='ltr'>bunc</span> <span class='ocrx_word' id='word_1_271' title='bbox 805 3235 903 3288; x_wconf 87' lang='lat' dir='ltr'>iisdem</span> <span class='ocrx_word' id='word_1_272' title='bbox 926 3235 1047 3304; x_wconf 81' lang='lat' dir='ltr'>vestigiis</span> <span class='ocrx_word' id='word_1_273' title='bbox 1073 3236 1243 3295; x_wconf 77' lang='lat' dir='ltr'>insistentem</span> <span class='ocrx_word' id='word_1_274' title='bbox 1260 3249 1315 3285; x_wconf 86' lang='lat' dir='ltr'>uon</span> <span class='ocrx_word' id='word_1_275' title='bbox 1335 3233 1408 3302; x_wconf 72' lang='lat' dir='ltr'>plus</span> 
     </span>
     <span class='ocr_line' id='line_1_31' title="bbox 316 3301 710 3371; baseline 0.003 -20"><span class='ocrx_word' id='word_1_276' title='bbox 316 3301 502 3370; x_wconf 84' lang='lat' dir='ltr'>profecturum</span> <span class='ocrx_word' id='word_1_277' title='bbox 521 3303 710 3371; x_wconf 76' lang='lat' dir='ltr'>opinabantur.</span> 
     </span>
     <span class='ocr_line' id='line_1_32' title="bbox 387 3373 1409 3455; baseline 0 -31"><span class='ocrx_word' id='word_1_278' title='bbox 387 3374 429 3441; x_wconf 82' lang='lat'>37.</span> <span class='ocrx_word' id='word_1_279' title='bbox 464 3375 591 3424; x_wconf 85' lang='lat' dir='ltr'>Ianuario</span> <span class='ocrx_word' id='word_1_280' title='bbox 609 3390 701 3424; x_wconf 87' lang='lat' dir='ltr'>mense</span> <span class='ocrx_word' id='word_1_281' title='bbox 719 3373 830 3442; x_wconf 87' lang='lat' dir='ltr'>elapso,</span> <span class='ocrx_word' id='word_1_282' title='bbox 849 3373 900 3426; x_wconf 88' lang='lat' dir='ltr'>sub</span> <span class='ocrx_word' id='word_1_283' title='bbox 920 3373 1062 3425; x_wconf 74' lang='lat' dir='ltr'>Februarii</span> <span class='ocrx_word' id='word_1_284' title='bbox 1080 3374 1203 3438; x_wconf 84' lang='lat' dir='ltr'>initium,</span> <span class='ocrx_word' id='word_1_285' title='bbox 1221 3389 1304 3445; x_wconf 89' lang='lat' dir='ltr'>prope</span> <span class='ocrx_word' id='word_1_286' title='bbox 1325 3373 1409 3455; x_wconf 63' lang='grc' dir='ltr'><strong><em>(ἔρο-</em></strong></span> 
     </span>
     <span class='ocr_line' id='line_1_33' title="bbox 316 3439 1409 3514; baseline 0.007 -24"><span class='ocrx_word' id='word_1_287' title='bbox 316 3439 365 3491; x_wconf 89' lang='lat' dir='ltr'>lim</span> <span class='ocrx_word' id='word_1_288' title='bbox 383 3450 547 3494; x_wconf 86' lang='lat' dir='ltr'>tormentum</span> <span class='ocrx_word' id='word_1_289' title='bbox 564 3459 678 3495; x_wconf 85' lang='lat' dir='ltr'>aeneum</span> <span class='ocrx_word' id='word_1_290' title='bbox 697 3443 796 3495; x_wconf 85' lang='lat' dir='ltr'>advehi</span> <span class='ocrx_word' id='word_1_291' title='bbox 821 3445 900 3496; x_wconf 74' lang='lat' dir='ltr'>irrisit</span> <span class='ocrx_word' id='word_1_292' title='bbox 921 3446 1054 3514; x_wconf 80' lang='lat' dir='ltr'>princeps.</span> <span class='ocrx_word' id='word_1_293' title='bbox 1074 3444 1118 3496; x_wconf 78' lang='lat' dir='ltr'>tx</span> <span class='ocrx_word' id='word_1_294' title='bbox 1137 3446 1219 3498; x_wconf 76' lang='lat' dir='ltr'>boves</span> <span class='ocrx_word' id='word_1_295' title='bbox 1237 3443 1409 3498; x_wconf 74' lang='lat' dir='ltr'>validissimi</span> 
     </span>
     <span class='ocr_line' id='line_1_34' title="bbox 315 3511 1408 3584; baseline 0.005 -22"><span class='ocrx_word' id='word_1_296' title='bbox 315 3511 388 3563; x_wconf 78' lang='lat' dir='ltr'>XXX</span> <span class='ocrx_word' id='word_1_297' title='bbox 407 3512 529 3564; x_wconf 84' lang='lat' dir='ltr'>curribus</span> <span class='ocrx_word' id='word_1_298' title='bbox 543 3515 630 3566; x_wconf 86' lang='lat' dir='ltr'>iuncti</span> <span class='ocrx_word' id='word_1_299' title='bbox 648 3515 719 3566; x_wconf 89' lang='lat' dir='ltr'>illud</span> <span class='ocrx_word' id='word_1_300' title='bbox 736 3514 896 3580; x_wconf 81' lang='lat' dir='ltr'>trahebant;</span> <span class='ocrx_word' id='word_1_301' title='bbox 915 3515 949 3565; x_wconf 83' lang='lat' dir='ltr'>ab</span> <span class='ocrx_word' id='word_1_302' title='bbox 967 3523 1084 3584; x_wconf 86' lang='lat' dir='ltr'>utroque</span> <span class='ocrx_word' id='word_1_303' title='bbox 1105 3517 1234 3568; x_wconf 86' lang='lat' dir='ltr'>tormenti</span> <span class='ocrx_word' id='word_1_304' title='bbox 1251 3517 1335 3566; x_wconf 87' lang='lat' dir='ltr'>latere</span> <span class='ocrx_word' id='word_1_305' title='bbox 1352 3514 1408 3568; x_wconf 85' lang='lat' dir='ltr'>CC</span> 
     </span>
     <span class='ocr_line' id='line_1_35' title="bbox 315 3581 1410 3657; baseline 0.005 -26"><span class='ocrx_word' id='word_1_306' title='bbox 315 3581 440 3634; x_wconf 82' lang='lat' dir='ltr'>homines</span> <span class='ocrx_word' id='word_1_307' title='bbox 457 3583 640 3645; x_wconf 82' lang='lat' dir='ltr'>incedebant,</span> <span class='ocrx_word' id='word_1_308' title='bbox 658 3594 689 3636; x_wconf 88' lang='lat' dir='ltr'>ut</span> <span class='ocrx_word' id='word_1_309' title='bbox 715 3587 743 3637; x_wconf 88' lang='lat' dir='ltr'>id</span> <span class='ocrx_word' id='word_1_310' title='bbox 765 3587 816 3636; x_wconf 89' lang='lat' dir='ltr'>bac</span> <span class='ocrx_word' id='word_1_311' title='bbox 842 3594 870 3636; x_wconf 88' lang='lat' dir='ltr'>et</span> <span class='ocrx_word' id='word_1_312' title='bbox 888 3585 952 3636; x_wconf 90' lang='lat' dir='ltr'>illac</span> <span class='ocrx_word' id='word_1_313' title='bbox 972 3583 1105 3637; x_wconf 87' lang='lat' dir='ltr'>trahendo</span> <span class='ocrx_word' id='word_1_314' title='bbox 1123 3588 1152 3638; x_wconf 88' lang='lat' dir='ltr'>iu</span> <span class='ocrx_word' id='word_1_315' title='bbox 1171 3586 1333 3657; x_wconf 86' lang='lat' dir='ltr'>aequilibrio</span> <span class='ocrx_word' id='word_1_316' title='bbox 1353 3601 1410 3636; x_wconf 86' lang='lat' dir='ltr'>re-</span> 
     </span>
     <span class='ocr_line' id='line_1_36' title="bbox 314 3652 1409 3726; baseline 0.005 -24"><span class='ocrx_word' id='word_1_317' title='bbox 314 3652 444 3704; x_wconf 83' lang='lat' dir='ltr'>tinerent.</span> <span class='ocrx_word' id='word_1_318' title='bbox 474 3671 566 3704; x_wconf 85' lang='lat' dir='ltr'>currus</span> <span class='ocrx_word' id='word_1_319' title='bbox 592 3657 793 3723; x_wconf 87' lang='lat' dir='ltr'>praecedebant</span> <span class='ocrx_word' id='word_1_320' title='bbox 811 3656 880 3708; x_wconf 83' lang='lat' dir='ltr'>fabri</span> <span class='ocrx_word' id='word_1_321' title='bbox 908 3656 946 3718; x_wconf 87' lang='lat' dir='ltr'>L,</span> <span class='ocrx_word' id='word_1_322' title='bbox 966 3657 1139 3725; x_wconf 86' lang='lat' dir='ltr'>operariique</span> <span class='ocrx_word' id='word_1_323' title='bbox 1157 3656 1213 3718; x_wconf 90' lang='lat' dir='ltr'>CC,</span> <span class='ocrx_word' id='word_1_324' title='bbox 1233 3657 1281 3726; x_wconf 87' lang='lat' dir='ltr'>qui</span> <span class='ocrx_word' id='word_1_325' title='bbox 1298 3663 1409 3724; x_wconf 73' lang='lat' dir='ltr'>pontes</span> 
     </span>
     <span class='ocr_line' id='line_1_37' title="bbox 316 3722 1412 3796; baseline 0.005 -25"><span class='ocrx_word' id='word_1_326' title='bbox 316 3722 419 3790; x_wconf 80' lang='lat' dir='ltr'>ligneos</span> <span class='ocrx_word' id='word_1_327' title='bbox 438 3724 473 3775; x_wconf 87' lang='lat' dir='ltr'>ad</span> <span class='ocrx_word' id='word_1_328' title='bbox 490 3724 698 3793; x_wconf 71' lang='lat' dir='ltr'>complanandae</span> <span class='ocrx_word' id='word_1_329' title='bbox 717 3729 773 3778; x_wconf 86' lang='lat' dir='ltr'>vias</span> <span class='ocrx_word' id='word_1_330' title='bbox 793 3725 963 3778; x_wconf 83' lang='lat' dir='ltr'>fabricarent.</span> <span class='ocrx_word' id='word_1_331' title='bbox 983 3727 1068 3795; x_wconf 86' lang='lat' dir='ltr'>clapsi</span> <span class='ocrx_word' id='word_1_332' title='bbox 1080 3735 1144 3778; x_wconf 87' lang='lat' dir='ltr'>aunt</span> <span class='ocrx_word' id='word_1_333' title='bbox 1160 3727 1254 3796; x_wconf 87' lang='lat' dir='ltr'>itaque</span> <span class='ocrx_word' id='word_1_334' title='bbox 1277 3725 1412 3778; x_wconf 81' lang='lat' dir='ltr'>Februa-</span> 
     </span>
     <span class='ocr_line' id='line_1_38' title="bbox 316 3794 1411 3882; baseline 0.004 -40"><span class='ocrx_word' id='word_1_335' title='bbox 316 3794 372 3844; x_wconf 85' lang='lat' dir='ltr'>rius</span> <span class='ocrx_word' id='word_1_336' title='bbox 399 3803 428 3854; x_wconf 76' lang='lat' dir='ltr'>et</span> <span class='ocrx_word' id='word_1_337' title='bbox 448 3796 578 3858; x_wconf 85' lang='lat' dir='ltr'>Martius,</span> <span class='ocrx_word' id='word_1_338' title='bbox 604 3813 664 3846; x_wconf 87' lang='lat' dir='ltr'>cum</span> <span class='ocrx_word' id='word_1_339' title='bbox 693 3798 722 3848; x_wconf 91' lang='lat' dir='ltr'>in</span> <span class='ocrx_word' id='word_1_340' title='bbox 749 3798 838 3847; x_wconf 90' lang='lat' dir='ltr'>locum</span> <span class='ocrx_word' id='word_1_341' title='bbox 865 3795 1008 3867; x_wconf 84' lang='lat' dir='ltr'>quemdam</span> <span class='ocrx_word' id='word_1_342' title='bbox 1033 3797 1196 3849; x_wconf 85' lang='lat' dir='ltr'>milliaribus</span> <span class='ocrx_word' id='word_1_343' title='bbox 1221 3796 1342 3882; x_wconf 61' lang='lat' dir='ltr'>quinque</span> <span class='ocrx_word' id='word_1_344' title='bbox 1365 3797 1411 3847; x_wconf 78' lang='lat' dir='ltr'>ab</span> 
     </span>
     <span class='ocr_line' id='line_1_39' title="bbox 315 3863 1411 3936; baseline 0.004 -22"><span class='ocrx_word' id='word_1_345' title='bbox 315 3863 385 3914; x_wconf 76' lang='lat' dir='ltr'>urbe</span> <span class='ocrx_word' id='word_1_346' title='bbox 401 3863 528 3916; x_wconf 87' lang='lat' dir='ltr'>dissitum</span> <span class='ocrx_word' id='word_1_347' title='bbox 547 3874 662 3917; x_wconf 86' lang='lat' dir='ltr'>tractum</span> <span class='ocrx_word' id='word_1_348' title='bbox 683 3877 731 3918; x_wconf 82' lang='lat' dir='ltr'>est.</span> <span class='ocrx_word' id='word_1_349' title='bbox 752 3867 863 3919; x_wconf 87' lang='lat' dir='ltr'>Caracia</span> <span class='ocrx_word' id='word_1_350' title='bbox 882 3869 967 3936; x_wconf 80' lang='lat' dir='ltr'>Begus</span> <span class='ocrx_word' id='word_1_351' title='bbox 985 3877 1065 3919; x_wconf 89' lang='lat' dir='ltr'>antea</span> <span class='ocrx_word' id='word_1_352' title='bbox 1085 3885 1145 3919; x_wconf 88' lang='lat' dir='ltr'>cum</span> <span class='ocrx_word' id='word_1_353' title='bbox 1162 3869 1248 3936; x_wconf 79' lang='lat' dir='ltr'>copiis</span> <span class='ocrx_word' id='word_1_354' title='bbox 1266 3865 1301 3918; x_wconf 88' lang='lat' dir='ltr'>ad</span> <span class='ocrx_word' id='word_1_355' title='bbox 1319 3867 1411 3923; x_wconf 80' lang='lat' dir='ltr'>Ponti</span> 
     </span>
     <span class='ocr_line' id='line_1_40' title="bbox 316 3934 1414 4009; baseline 0.009 -29"><span class='ocrx_word' id='word_1_356' title='bbox 316 3934 418 4000; x_wconf 84' lang='lat' dir='ltr'>oppida</span> <span class='ocrx_word' id='word_1_357' title='bbox 435 3936 642 4001; x_wconf 83' lang='lat' dir='ltr'>Mesembriam,</span> <span class='ocrx_word' id='word_1_358' title='bbox 670 3937 836 4000; x_wconf 81' lang='lat' dir='ltr'>Acheloum,</span> <span class='ocrx_word' id='word_1_359' title='bbox 867 3939 963 4004; x_wconf 84' lang='lat' dir='ltr'>Byzum</span> <span class='ocrx_word' id='word_1_360' title='bbox 992 3947 1020 3989; x_wconf 87' lang='lat' dir='ltr'>et</span> <span class='ocrx_word' id='word_1_361' title='bbox 1036 3939 1090 3989; x_wconf 88' lang='lat' dir='ltr'>alia</span> <span class='ocrx_word' id='word_1_362' title='bbox 1114 3939 1294 4009; x_wconf 82' lang='lat' dir='ltr'>praemissus,</span> <span class='ocrx_word' id='word_1_363' title='bbox 1314 3952 1347 3988; x_wconf 87' lang='lat' dir='ltr'>ea</span> <span class='ocrx_word' id='word_1_364' title='bbox 1366 3939 1414 3990; x_wconf 80' lang='lat' dir='ltr'>ad</span> 
     </span>
     <span class='ocr_line' id='line_1_41' title="bbox 275 4000 1412 4080; baseline 0.007 -31"><span class='ocrx_word' id='word_1_365' title='bbox 275 4056 278 4066; x_wconf 46' lang='grc'><em>,</em></span> <span class='ocrx_word' id='word_1_366' title='bbox 317 4000 484 4057; x_wconf 86' lang='lat' dir='ltr'>deditionem</span> <span class='ocrx_word' id='word_1_367' title='bbox 503 4008 642 4077; x_wconf 80' lang='lat' dir='ltr'>compulit</span> <span class='ocrx_word' id='word_1_368' title='bbox 659 4023 751 4060; x_wconf 84' lang='lat' dir='ltr'>versus</span> <span class='ocrx_word' id='word_1_369' title='bbox 772 4007 949 4075; x_wconf 82' lang='lat' dir='ltr'>Selymbriam</span> <span class='ocrx_word' id='word_1_370' title='bbox 968 4025 1079 4078; x_wconf 89' lang='lat' dir='ltr'>quoque</span> <span class='ocrx_word' id='word_1_371' title='bbox 1098 4008 1124 4060; x_wconf 90' lang='lat' dir='ltr'>S.</span> <span class='ocrx_word' id='word_1_372' title='bbox 1144 4008 1275 4080; x_wconf 88' lang='lat' dir='ltr'>Stephani</span> <span class='ocrx_word' id='word_1_373' title='bbox 1296 4015 1412 4073; x_wconf 81' lang='lat' dir='ltr'>turrea,</span> 
     </span>
     <span class='ocr_line' id='line_1_42' title="bbox 317 4073 1414 4147; baseline 0.013 -29"><span class='ocrx_word' id='word_1_374' title='bbox 317 4073 442 4125; x_wconf 80' lang='lat' dir='ltr'>omnibus</span> <span class='ocrx_word' id='word_1_375' title='bbox 474 4079 522 4145; x_wconf 88' lang='lat' dir='ltr'>qui</span> <span class='ocrx_word' id='word_1_376' title='bbox 546 4079 617 4129; x_wconf 87' lang='lat' dir='ltr'>intra</span> <span class='ocrx_word' id='word_1_377' title='bbox 643 4088 721 4130; x_wconf 89' lang='lat' dir='ltr'>erant</span> <span class='ocrx_word' id='word_1_378' title='bbox 747 4079 850 4140; x_wconf 80' lang='lat' dir='ltr'>caeeis,</span> <span class='ocrx_word' id='word_1_379' title='bbox 868 4079 894 4129; x_wconf 83' lang='lat' dir='ltr'>vi</span> <span class='ocrx_word' id='word_1_380' title='bbox 921 4081 1092 4147; x_wconf 79' lang='lat' dir='ltr'>expugnavit.</span> <span class='ocrx_word' id='word_1_381' title='bbox 1121 4089 1209 4132; x_wconf 82' lang='lat' dir='ltr'>cetera</span> <span class='ocrx_word' id='word_1_382' title='bbox 1228 4075 1354 4138; x_wconf 83' lang='lat' dir='ltr'>castella,</span> <span class='ocrx_word' id='word_1_383' title='bbox 1379 4089 1414 4132; x_wconf 87' lang='lat' dir='ltr'>et</span> 
     </span>
     <span class='ocr_line' id='line_1_43' title="bbox 317 4141 1416 4218; baseline 0.013 -32"><span class='ocrx_word' id='word_1_384' title='bbox 317 4141 366 4205; x_wconf 83' lang='lat' dir='ltr'>qui</span> <span class='ocrx_word' id='word_1_385' title='bbox 382 4141 513 4209; x_wconf 85' lang='lat' dir='ltr'>Epibatae</span> <span class='ocrx_word' id='word_1_386' title='bbox 538 4148 719 4211; x_wconf 84' lang='lat' dir='ltr'>vocabantur,</span> <span class='ocrx_word' id='word_1_387' title='bbox 750 4167 778 4200; x_wconf 84' lang='lat' dir='ltr'>ae</span> <span class='ocrx_word' id='word_1_388' title='bbox 797 4147 935 4201; x_wconf 83' lang='lat' dir='ltr'>dedidere.</span> <span class='ocrx_word' id='word_1_389' title='bbox 953 4158 1090 4218; x_wconf 87' lang='lat' dir='ltr'>quotquot</span> <span class='ocrx_word' id='word_1_390' title='bbox 1106 4149 1201 4202; x_wconf 76' lang='lat' dir='ltr'>victori</span> <span class='ocrx_word' id='word_1_391' title='bbox 1222 4165 1251 4200; x_wconf 85' lang='lat' dir='ltr'>se</span> <span class='ocrx_word' id='word_1_392' title='bbox 1288 4148 1416 4200; x_wconf 74' lang='lat' dir='ltr'>emise-</span> 
     </span>
    </p>
   </div>
   <div class='ocr_carea' id='block_1_4' title="bbox 317 4215 1415 4290">
    <p class='ocr_par' dir='ltr' id='par_1_7' title="bbox 317 4215 1415 4290">
     <span class='ocr_line' id='line_1_44' title="bbox 317 4215 1415 4290; baseline 0.005 -23"><span class='ocrx_word' id='word_1_393' title='bbox 317 4215 382 4260; x_wconf 65' lang='lat' dir='ltr'>runt</span> <span class='ocrx_word' id='word_1_394' title='bbox 398 4216 513 4279; x_wconf 67' lang='lat' dir='ltr'>aestati,</span> <span class='ocrx_word' id='word_1_395' title='bbox 532 4220 745 4287; x_wconf 78' lang='lat' dir='ltr'>repugnantibus</span> <span class='ocrx_word' id='word_1_396' title='bbox 765 4220 855 4289; x_wconf 83' lang='lat' dir='ltr'>capita</span> <span class='ocrx_word' id='word_1_397' title='bbox 872 4219 989 4272; x_wconf 73' lang='lat' dir='ltr'>abscissa</span> <span class='ocrx_word' id='word_1_398' title='bbox 1008 4229 1089 4290; x_wconf 73' lang='grc' dir='ltr'><em>ενοι,</em></span> <span class='ocrx_word' id='word_1_399' title='bbox 1107 4237 1162 4272; x_wconf 82' lang='lat' dir='ltr'>una</span> <span class='ocrx_word' id='word_1_400' title='bbox 1180 4220 1242 4289; x_wconf 71' lang='lat' dir='ltr'>Selp</span> <span class='ocrx_word' id='word_1_401' title='bbox 1290 4219 1333 4272; x_wconf 74' lang='lat' dir='ltr'>ria</span> <span class='ocrx_word' id='word_1_402' title='bbox 1350 4215 1415 4272; x_wconf 77' lang='lat' dir='ltr'>luo·</span> 
     </span>
    </p>
   </div>
   <div class='ocr_carea' id='block_1_5' title="bbox 0 0 1550 4825">
    <p class='ocr_par' dir='ltr' id='par_1_8' title="bbox 0 0 1550 4825">
     <span class='ocr_line' id='line_1_45' title="bbox 0 0 1550 4825; baseline 0 0"><span class='ocrx_word' id='word_1_403' title='bbox 0 0 1550 4825; x_wconf 95' lang='lat' dir='ltr'> </span> 
     </span>
    </p>
   </div>
  </div>
 </body>
</html>
