3075 4825
313 358 472 425 rntncn
510 358 761 425 rnrnnrnnrn
795 354 985 424 mcnnro.
1098 330 1183 433 431

112 512 178 574 vive
197 512 249 595 piri
270 511 299 573 el
320 510 476 589 Paionitlr,
508 511 536 573 el
556 511 648 594 quale
666 533 718 573 era
739 510 885 573 turbator
900 506 981 571 della
1003 528 1096 591 poce,
1115 530 1189 594 ope.

113 618 146 656 ro
164 596 218 657 clre
240 606 288 657 tre
309 594 377 657 loro
399 596 522 677 sequirb
542 597 675 657 amicitia
696 604 823 670 eterno,
845 604 877 657 et
896 614 959 655 coo
976 591 1011 654 Ιιι
1031 592 1190 657 adiutorio

108 679 146 739 de
165 676 330 741 l'altissirno
351 682 403 741 dio
426 680 613 740 constituere
635 677 738 761 quello
760 679 813 739 nel
832 676 944 739 ducato
962 684 1110 758 paterno.
1153 682 1189 741 ln

109 772 213 845 questo
243 773 350 843 tempo
383 763 517 823 rtntafa
549 762 705 823 bobiando
730 760 791 823 ben
822 762 945 822 munito
974 758 1005 821 lo
1033 769 1119 821 tem
1148 761 1190 824 de

109 844 262 927 Golipoli,
297 846 327 905 cl
355 846 523 928 municipio
554 856 584 907 ct
603 844 635 907 ln
658 855 744 907 torre
764 845 825 905 sito
841 842 890 905 inl
909 853 1025 925 porto,
1043 842 1109 905 soce
1126 864 1192 907 nno

108 927 262 1009 capitonio
281 926 360 990 dello
397 930 509 1011 grande
529 940 655 991 armato.
702 928 745 989 Et
765 928 845 989 bene
863 925 1008 987 ordinate
1030 926 1069 988 dn
1088 926 1191 1069 puelle

107 1022 194 1093 porte
215 1014 245 1073 le
265 1032 334 1073 cose
358 1010 397 1073 dn
418 1034 503 1075 more
527 1013 615 1075 etde
633 1022 730 1085 terro,
753 1010 832 1071 nndb
852 1010 885 1071 in
905 1009 1091 1092 Andrincpo
1105 1030 1136 1087 ι,
1158 1019 1191 1073 ct

105 1095 218 1155 intrato
242 1092 291 1155 nel
315 1094 431 1177 grande
451 1094 556 1177 poleno
579 1096 630 1155 del
650 1094 751 1154 docho
772 1092 983 1165 blechemetb,
1004 1112 1063 1153 cuo
1080 1092 1191 1154 fratel-

104 1174 136 1238 lo
158 1188 273 1253 morto,
299 1178 391 1239 trovb
412 1176 646 1261 incomparabili
665 1176 804 1253 tbesori,
825 1174 922 1237 molto
943 1174 1133 1257 supellectile
1150 1176 1192 1239 de

103 1260 199 1321 ricchi
220 1260 394 1323 vestimenti
418 1262 457 1323 de
480 1284 541 1323 oro
563 1272 594 1321 et
616 1261 653 1322 de
674 1268 750 1334 nete,
771 1258 863 1343 perle
878 1268 910 1320 et
929 1258 995 1321 onie
1014 1258 1054 1321 de
1075 1259 1193 1321 inerti.

104 1342 217 1405 mobile
238 1342 365 1423 valore,
387 1346 498 1407 semine
518 1343 600 1405 belle
621 1354 651 1405 ct
672 1342 801 1419 decore,
829 1340 940 1403 noveni
963 1342 1003 1403 dc
1021 1340 1102 1403 bello
1123 1342 1194 1406 sec.

101 1426 148 1485 cia
170 1437 201 1487 et
229 1448 361 1508 persone
397 1430 494 1489 molto
529 1427 668 1487 formosi.
709 1426 821 1487 Sedivn
841 1424 984 1507 ndonqnc
1004 1426 1140 1487 Mutato
1158 1428 1191 1489 ln

102 1528 190 1569 mezo
210 1519 318 1603 queste
336 1510 440 1574 delitie
464 1522 494 1572 et
523 1511 735 1573 abbundantio
754 1508 793 1569 de
810 1506 892 1570 tutt'e
910 1509 938 1570 le
959 1526 1031 1571 cone
1050 1508 1196 1572 allectiva

101 1590 179 1653 dello
201 1593 339 1666 libidine,
362 1594 502 1655 bevendo
523 1604 556 1655 et
577 1592 782 1654 luxuriando:
805 1591 844 1653 de
860 1590 982 1653 l'nnirno
1000 1602 1031 1653 et
1050 1591 1101 1653 del
1119 1614 1193 1654 eor·

102 1695 143 1755 po
166 1685 255 1737 terito
276 1677 411 1739 deventi)
435 1678 532 1739 inerte
553 1688 583 1739 et
599 1675 661 1738 vile
678 1676 736 1737 obe
753 1674 808 1757 piri
829 1696 894 1736 oon
912 1696 1024 1737 cnrnvn
1045 1673 1194 1758 ampliore

101 1757 206 1819 cliuo
239 1762 434 1843 principato,
451 1762 489 1823 nb
508 1760 560 1823 olli
589 1758 660 1823 moli
683 1758 741 1821 cbc
759 1759 781 1821 li
801 1759 914 1840 podiva
935 1759 1056 1842 require
1075 1780 1194 1841 prore·

100 1840 183 1903 diva.
229 1844 334 1903 Morct
366 1854 543 1905 veromente
563 1843 690 1905 escendo
710 1862 824 1904 noveno
840 1842 881 1903 de
901 1843 975 1901 enni
994 1843 1071 1903 vinti
1091 1854 1192 1905 scote·

99 1944 136 1983 vo
163 1926 195 1985 io
216 1926 334 1991 Porcia.
375 1926 416 1987 Et
437 1926 556 1987 henche
576 1926 673 1987 anche
694 1924 738 1985 lui
759 1924 885 1985 horeste
906 1923 1051 1986 olleotnto
1070 1923 1100 1986 le
1119 1924 1252 1993 bre-158

97 2008 159 2087 glie
181 2005 244 2066 allo
267 2009 421 2087 appetito,
445 2008 505 2069 alle
525 2009 645 2069 beverle
666 2018 696 2069 et
713 2006 774 2069 ello
795 2006 933 2084 libidine,
954 2028 1015 2069 non
1036 2028 1115 2089 pero
1135 2030 1192 2071 ere

95 2110 188 2149 senon
219 2090 363 2169 pensiero
385 2092 424 2151 'et
450 2110 538 2153 senza
571 2112 655 2151 coro.
689 2100 738 2151 tre
773 2088 874 2151 l’oscio
893 2100 926 2151 et
945 2088 975 2152 le
994 2088 1116 2152 leccivie
1132 2112 1194 2173 μι·

94 2192 234 2255 pennave
256 2172 312 2233 cbo
334 2171 383 2235 dcl
407 2172 553 2245 duchac,
576 2172 634 2233 ebe
654 2192 712 2233 suo
732 2183 820 2253 patre
836 2170 1017 2254 possedero,
1036 2170 1066 2232 ln
1087 2194 1194 2236 uuor

95 2265 192 2339 parte
211 2254 308 2315 haveo
333 2276 423 2339 perso
443 2278 531 2318 senza
547 2254 695 2337 botnglia3
716 2266 747 2315 et
768 2276 832 2336 pur
853 2256 1096 2317 concecnharee
1118 2259 1193 2321 tutti

96 2340 116 2399 li
139 2338 260 2422 signori
282 2350 408 2422 eccepto
428 2340 577 2413 Poiositb,
601 2340 630 2399 el
651 2338 757 2421 quale,
780 2358 866 2399 come
884 2337 1017 2400 baveno
1034 2337 1194 2421 predicto,

96 2425 129 2484 t‘n
149 2431 271 2487 morto.
324 2423 368 2484 Et
393 2423 548 2484 hobioodo
579 2425 678 2484 inleso
699 2421 777 2483 cb’el
804 2422 897 2483 costel
917 2421 957 2483 de
980 2422 1117 2505 Gnlipoli
1139 2446 1195 2488 ere

96 2527 186 2588 perso
207 2516 241 2566 et
264 2506 409 2568 Liondcri
443 2529 502 2568 con
537 2505 748 2566 malivolentia
768 2525 820 2567 ern
840 2506 955 2588 partito
975 2515 1008 2567 et
1027 2515 1153 2568 tornato
1173 2529 1194 2570 e

96 2588 396 2671 Constantinopoli,
418 2601 448 2651 et
468 2590 525 2652 cbe
545 2587 675 2650 Mustofn
707 2609 738 2650 ce
759 2609 811 2650 ern
831 2591 904 2650 doto
924 2587 983 2650 olle
1003 2589 1140 2652 cdmriae
1160 2603 1194 2653 et

98 2673 144 2734 nlo
166 2671 295 2734 luxurie
325 2693 414 2734 nenza
434 2673 529 2734 bever
548 2673 657 2734 alcuna
683 2691 757 2734 cura
779 2669 828 2734 del
850 2673 1038 2754 principato,
1058 2682 1092 2734 et
1113 2693 1193 2736 con.

96 2757 210 2818 cultata
238 2756 270 2815 ln
294 2777 366 2817 corn
394 2757 546 2817 conieci
572 2754 696 2838 canopi.
731 2753 836 2898 puello
855 2755 1009 2837 coneeglic
1028 2777 1117 2838 prese
1136 2777 1195 2838 per

95 2837 350 2984 :3323‘21252
370 2839 1021 3002 itt‘iw'lii'titit'fflillitis
1038 2839 1078 2982 ii
1093 2842 1194 2984 iili.

97 3006 167 3068 oucl
184 2945 242 3072 .Ρ.
259 3050 270 3070 .
287 3043 318 3068 ο.
342 2943 379 3064 (lb
400 3005 448 3065 Ali
467 3006 573 3082 Beria,
593 3005 642 3066 del
668 3006 760 3086 quale
781 3008 886 3066 avanti
907 2999 1040 3066 bov'emo
1061 3007 1193 3084 perlato.

94 3091 178 3172 dopo
200 3089 231 3150 la
265 3097 369 3149 morto
394 3087 432 3147 de
451 3087 587 3151 Poicsitlr
606 3097 717 3169 questo
741 3087 774 3148 lo
792 3089 877 3148 lnctn
894 3089 998 3169 primo
1016 3086 1088 3153 delli
1103 3093 1194 3171 prio·

93 3173 204 3254 cipiet
227 3170 332 3234 iudice
362 3169 401 3231 de
424 3173 540 3237 Monet.
582 3172 625 3231 Et
650 3169 753 3252 prime
774 3181 885 3253 questo
903 3170 1006 3242 Brnim
1022 3171 1193 3235 nmbnxodo

93 3279 183 3318 znnoc
210 3279 228 3317 a
260 3254 532 3335 Constantinopoli
560 3253 617 3315 che
633 3253 664 3314 lo
682 3253 886 3316 ambexndore
904 3252 990 3315 'dello
1013 3255 1194 3338 imperndor

93 3362 124 3400 se
137 3343 268 3422 portinse
296 3359 350 3416 per
369 3336 465 3398 endor
481 3338 511 3398 ol
537 3336 637 3398 ducbn
671 3337 788 3397 Monet.
834 3338 1080 3401 Presentnndnee
1105 3339 1195 3402 l'em·

92 3422 244 3486 boecador
265 3420 315 3480 dcl
345 3420 444 3482 dircbe
464 3424 568 3482 Monet
597 3441 658 3481 con
678 3417 724 3479 ole
746 3441 782 3481 ra
806 3421 901 3482 fnccio
920 3421 949 3481 nl
966 3433 1132 3504 conspecto
1153 3423 1193 3482 dc

93 3507 123 3568 lo
143 3503 345 3590 imper-odor,
366 3506 532 3587 premendo
555 3515 587 3566 et
608 3443 828 3566 diceimuiando
843 3503 875 3565 lo
898 3504 994 3566 bodio
1014 3519 1045 3566 et
1065 3505 1192 3567 lemnio

92 3591 224 3652 voluntb
244 3586 419 3650 clrebnren
441 3586 491 3649 nel
504 3609 580 3652 core
595 3599 701 3649 contro
719 3586 749 3648 lo
777 3587 952 3670 imperndnr
969 3609 1026 3668 per
1041 3589 1072 3649 ln
1089 3589 1193 3650 sobie-

93 3677 216 3736 vetiooe
235 3675 278 3732 de
302 3671 452 3747 Mustela,
473 3693 533 3732 coo
556 3669 671 3732 humile
692 3681 722 3732 et
740 3681 898 3732 mansuete
915 3671 1054 3733 cretione
1074 3669 1190 3752 suppli·

93 3777 168 3819 coro
191 3755 409 3836 l'imperedore
425 3755 617 3816 cbevnlesse
638 3754 711 3815 doro
741 3755 894 3815 adiutorio
915 3756 944 3816 nl
964 3753 1066 3815 ‹lnclrn
1088 3757 1251 3836 Mnrntrlp

92 3843 130 3902 ed
150 3857 338 3921 recuperare
358 3837 385 3898 el
405 3836 540 3898 dochuto
554 3849 683 3918 poteroo
703 3837 742 3898 de
763 3859 832 3898 mon
847 3839 888 3899 de
909 3837 1061 3911 Mustnso,
1083 3847 1113 3896 et
1132 3836 1192 3898 che

94 3925 197 4006 quello
220 3925 282 3983 che
306 3941 358 3982 era
384 3921 605 3993 intrerenutm
635 3941 686 3980 cre
708 3924 828 4004 scqoitn
849 3941 909 4002 per
931 3919 1020 4000 colpe
1039 3919 1077 3980 ‹le
1102 3919 1191 3980 Poie-

94 4009 168 4070 nith.
213 4010 252 4068 Li
280 4003 367 4064 Greci
390 4015 577 4082 veromente,
599 4015 629 4064 et
652 4003 750 4066 anche
773 4004 801 4064 el
821 4026 877 4065 roo
898 4007 1004 4085 eigoor
1022 4023 1122 4064 nonno
1141 4004 1191 4064 in·

94 4094 233 4154 nocenti.
280 4089 331 4147 Mc
353 4107 413 4148 oon
438 4087 555 4169 piccola
577 4088 707 4169 inpensa
737 4099 768 4148 et
787 4089 901 4169 latigo,
920 4107 954 4146 ce
975 4085 1003 4146 le
1023 4096 1077 4147 tue
1098 4086 1192 4148 mie·

94 4177 139 4235 sti
163 4176 279 4243 torre,
316 4173 464 4254 riponerl
487 4171 515 4232 el
535 4171 614 4232 doce
639 4173 744 4232 Mornt
767 4171 817 4232 nel
840 4171 1012 4252 principato
1033 4181 1190 4252 paterno,

93 4279 183 4322 cone
204 4255 365 4340 reponeeti
386 4255 436 4318 nel
457 4256 631 4342 principato
652 4254 847 4345 Menbemetlr
864 4273 924 4315 sno
940 4263 1048 4338 petre,
1065 4253 1197 4316 conbo-
