3075 4825
296 378 456 448 nance
491 378 743 444 rnnaraarn
777 376 991 466 racrnro„
1093 348 1181 453 433

106 536 263 598 neecaaaria
291 558 307 596 a
330 534 443 597 diversi
471 532 568 615 opifici
588 541 620 593 et
643 533 873 593 marimamente
894 552 912 592 a
933 532 1065 595 tinctori.
1087 534 1183 597 Turre

104 622 242 701 adunque
264 620 293 681 le
313 640 410 692 nave,
441 616 499 677 che
521 636 624 677 vanno
643 617 712 676 dale
739 626 828 697 parte
851 614 1009 676 Orientale
1027 615 1075 677 ele
1092 627 1183 700 parte

104 704 250 783 Espcrie,
273 701 439 763 attendono
461 714 582 759 camare
603 698 643 759 dc
660 707 742 759 sotto
772 698 812 759 de
835 707 942 780 questo
964 696 1087 777 alaine,
1112 724 1182 763 nar-

103 786 160 845 eho
184 805 242 867 per
269 794 348 845 tutte
367 784 395 844 le
418 784 572 863 provincie
602 778 755 841 vendibile
781 792 810 841 et
830 781 870 842 de
889 802 950 840 non
968 780 1086 863 piceolo
1106 802 1182 865 gna*

104 866 211 962 (lagno.
254 868 303 928 Da
321 877 425 949 questa
442 875 607 945 montagnn
628 884 683 945 per
704 884 775 924 ussu
788 863 826 924 de
844 866 957 925 tentori
982 875 1013 923 et
1033 864 1100 925 altri
1112 872 1182 947 opi·

105 950 153 1009 lica
172 972 254 1046 expo
285 970 384 1011 avano
413 947 452 1009 dc
471 958 577 1029 questa
598 955 700 1008 mc'rce
721 947 815 1006 alumi
837 946 867 1006 in
886 946 1041 1023 Francia,
1061 947 1094 1008 in
1114 952 1182 1010 Aa¹

101 1032 181 1115 glin,
205 1054 237 1094 ιη
254 961 447 1107 ¹germania,
467 1030 499 1091 in
519 1030 628 1107 ltalia,
651 1029 681 1089 in
707 1030 848 1172 lspania,
871 1032 903 1091 in
918 1030 1057 1102 Arabia,
1077 1032 1108 1091 in
1125 1033 1184 1113 Sy·-

101 1116 167 1195 ria,
193 1127 224 1179 et
250 1114 320 1177 altri
358 1116 389 1175 in
423 1112 502 1175 altre
519 1113 680 1195 provintie
699 1112 743 1207 dc·
771 1112 899 1207 menno.
940 1112 995 1173 Ncl
1019 1121 1124 1207 iempo
1144 1116 1184 1175 de

100 1198 253 1261 Michaele
276 1195 461 1277 Paleologo‚
496 1194 524 1256 cl
545 1194 617 1292 qual
638 1195 670 1255 fo
698 1217 797 1278 primo
817 1196 850 1255 dr
873 1194 1030 1278 Paleologr
1051 1196 1184 1278 impera.

102 1280 191 1361 alere,
210 1302 349 1343 vennere
372 1278 474 1341 alcuni
493 1280 595 1341 Latini
614 1277 694 1338 dalle
716 1289 816 1359 parre.
829 1278 869 1339 de
879 1280 1039 1355 Ponente,
1059 1288 1089 1340 et
1108 1301 1187 1340 con·

99 1362 232 1427 ‹lassene
263 1372 369 1447 questa
390 1371 555 1444 montagna
575 1360 660 1424 dallo
684 1361 877 1443 imperadore
897 1383 952 1443 per
974 1374 1059 1422 certo
1079 1374 1187 1445 tempo

100 1458 134 1507 et
153 1468 214 1529 per
236 1466 298 1507 uno
324 1456 409 1507 cerlo
439 1455 617 1507 eonvenutn
646 1444 890 1506 annuariofitlo.
933 1446 968 1504 ln
990 1445 1062 1527 quel
1081 1455 1189 1527 tempo

102 1528 112 1588 i
141 1528 263 1589 Turchi
289 1528 451 1589 andavano
479 1526 653 1589 insidiando
685 1539 715 1589 et
733 1526 937 1589 discurrendo
960 1524 990 1587 le
1011 1538 1100 1609 parte
1118 1527 1189 1589 rleln

99 1612 193 1673 Lidia
226 1620 256 1673 et
285 1612 324 1673 de
345 1612 416 1673 Asia
440 1610 534 1675 inline
561 1610 599 1671 ad
621 1610 760 1673 Sordeen
791 1622 822 1671 et
843 1609 1034 1690 Manglresia.
1055 1612 1109 1692 poi
1131 1612 1190 1673 che

101 1694 123 1754 li
145 1695 272 1769 Latini,
304 1694 361 1755 che
385 1695 525 1756 haveano
545 1693 623 1755 tolla
656 1693 687 1755 la
707 1704 875 1775 montagna
896 1692 935 1753 ad
956 1690 1086 1771 afficto,
1106 1693 1188 1757 inte-

99 1797 180 1839 eono
212 1778 242 1839 le
267 1777 441 1839 incursione
471 1777 510 1839 dc
529 1776 645 1837 Turehi
671 1776 812 1838 lrebbeno
843 1798 906 1838 non
927 1775 1045 1857 picenla
1069 1799 1186 1857 paura,

98 1872 130 1921 et
162 1861 383 1922 cominzareno
410 1882 429 1921 a
465 1860 615 1921 fabricare
643 1882 708 1921 uno
736 1858 858 1939 piceolo
889 1857 1036 1932 castello,
1071 1872 1188 1942 quanto

95 1943 180 2005 fosse
203 1942 363 2003 basievole
390 1963 448 2022 per
488 1942 516 2004 la
548 1943 596 2002 lor
623 1941 763 2001 custodia
788 1952 821 2001 et
852 1941 891 2001 de
918 1940 999 2002 circa
1021 1941 1190 2025 cinquante

95 2024 289 2085 mercenarii
313 2025 496 2086 conductitii
520 2022 576 2084 alle
598 2044 690 2104 opere
705 2023 744 2083 de
767 2022 788 2083 li
810 2022 916 2083 alumi.
961 2024 998 2084 Li
1017 2026 1110 2086 Greci
1131 2026 1190 2088 che

95 2106 293 2167 habitavano
328 2107 337 2164 i
372 2106 452 2167 lnehi
484 2106 604 2167 finitimi
638 2106 687 2167 nel
717 2127 827 2187 campo
861 2106 901 2167 dc
919 2107 1127 2180 Menomeno‚
1149 2110 1190 2169 de

93 2189 284 2272 Manghcaia
315 2200 346 2249 et
376 2188 414 2249 de
434 2189 622 2271 Nymphae,
654 2208 872 2265 eonvennero,
893 2200 924 2250 et
943 2200 1113 2250 trovarono
1132 2190 1191 2251 elac

94 2272 117 2333 li
143 2271 253 2334 Latini
273 2272 413 2333 hareano
435 2272 607 2332 cominzato
629 2293 645 2329 a
666 2270 819 2331 fabricare
838 2271 1047 2332 mafortem.
1102 2274 1191 2333 Con„

94 2355 236 2419 ferendo
264 2354 409 2437 adunque
438 2366 470 2418 et
502 2353 704 2417 consultando
732 2375 823 2436 sopra
857 2362 966 2438 questa
987 2375 1079 2427 enan,
1100 2353 1192 2416 final.
1248 2362 1257 2383 ‘

95 2450 207 2502 menie
229 2460 263 2501 sc
295 2458 517 2512 conmanere,
548 2437 772 2520 promouendo
798 2437 820 2497 li
855 2437 949 2500 Greci
979 2437 1192 2500 circumvicini

96 2524 136 2585 all
162 2520 273 2584 Latini
296 2519 434 2582 adiutare
450 2541 512 2581 nnn
533 2520 699 2583 solamente
718 2521 757 2580 ad
779 2521 933 2582 fabricare
954 2542 1018 2581 uno
1044 2522 1189 2602 castello,
1202 2531 1251 2590 162

94 2628 147 2667 ma
169 2627 203 2668 se
225 2605 256 2666 le
277 2625 347 2666 cose
367 2605 573 2666 euceedernno
592 2625 681 2664 come
700 2624 889 2686 aperavano,
911 2625 929 2664 a
950 2604 1013 2664 lare
1034 2623 1096 2663 nna
1115 2607 1193 2665 cita·

96 2689 137 2751 de
167 2709 232 2772 per
260 2684 433 2748 salvatione
463 2698 494 2749 ct
514 2687 705 2749 habitatione
725 2686 764 2746 dc
786 2697 867 2748 tata
887 2685 941 2748 dai
963 2688 993 2747 lc
1011 2698 1108 2768 parte.
1148 2689 1194 2752 Ει
1312 2751 1320 2765 ,

95 2783 213 2858 questo
243 2772 277 2832 fn
300 2768 328 2831 el
353 2769 510 2853 principio
538 2769 618 2831 della
637 2789 719 2830 nova
739 2769 856 2830 Foelria
876 2769 1016 2831 edificata
1038 2769 1078 2829 da
1100 2773 1192 2831 Greci

94 2865 127 2916 et
161 2855 204 2915 ala
229 2853 334 2915 Latini
353 2852 428 2918 dieti
448 2853 487 2914 de
505 2875 616 2936 sopra,
675 2863 741 2913 osta
764 2854 813 2913 nel
836 2853 890 2914 lito
907 2853 957 2914 del
980 2874 1084 2928 mare,
1104 2875 1123 2913 a
1140 2853 1192 2936 pie

92 2937 133 2998 de
155 2937 187 2998 la
209 2947 377 3018 mentagna
398 2939 430 2998 in
453 2937 597 3079 opposito
617 2873 695 2997 della
718 2935 843 2997 Natalia
861 2957 950 2997 verso
969 2934 1076 3009 l'Aaia,
1103 2957 1191 2997 verso

92 3021 235 3082 Oriente
255 3031 364 3081 eontra
384 3018 502 3080 l'insn'a
520 3020 559 3080 de
580 3020 703 3095 Lesbo,
725 3039 817 3079 verso
837 3018 1061 3100 septentrione
1081 3030 1193 3080 contra

93 3103 121 3164 el
146 3104 242 3188 golfo
272 3102 311 3163 de
331 3099 406 3162 Elea
441 3114 473 3162 et
493 3101 531 3162 de
551 3101 731 3164 Mesembria
752 3113 784 3162 ct
804 3100 835 3160 lo
853 3101 938 3182 gello
958 3099 998 3161 de
1018 3102 1113 3164 lenia.
1156 3103 1193 3163 Ll

94 3187 205 3248 Latini
229 3186 289 3247 elac
308 3183 497 3246 edificarono
516 3197 620 3266 questa
640 3185 718 3259 cita,
745 3185 858 3245 forano
885 3180 1038 3259 Generosi,
1070 3185 1193 3246 llnrlrea

92 3279 125 3331 et
158 3273 293 3331 lncomn
324 3266 362 3328 de
390 3267 529 3328 Catonia.
583 3265 755 3348 'fogliando
778 3265 808 3327 el
827 3289 976 3349 eognomc
994 3267 1062 3327 dela
1084 3267 1193 3328 vcehia

91 3353 240 3426 Foehin,
277 3349 397 3412 chiamb
424 3361 529 3434 questa
557 3347 587 3410 la
606 3349 722 3410 Foehia
748 3370 841 3410 nova.
898 3351 934 3411 ln
960 3360 1066 3432 questo
1089 3361 1194 3430 tempo

91 3435 241 3498 Sarchan
264 3433 411 3516 principe
443 3434 482 3496 ‹le
501 3432 591 3494 Lidia
612 3431 710 3493 haren
738 3434 893 3513 occupato
911 3433 1027 3512 grande
1048 3444 1134 3513 parte
1153 3434 1193 3493 de

92 3521 184 3580 Asia.
209 3519 233 3580 li
262 3517 381 3578 Turehi
414 3519 583 3578 corrivane
617 3515 678 3576 fine
710 3513 769 3575 alle
792 3524 884 3596 porte
917 3515 996 3577 della
1029 3537 1111 3576 riova
1132 3515 1193 3576 cita

91 3602 176 3664 delle
197 3599 345 3671 Foehie‚
370 3599 511 3661 robanda
534 3611 565 3660 et
585 3598 750 3659 amarando
781 3597 803 3658 li
821 3599 933 3679 paveri
954 3598 1055 3660 Greci.
1100 3599 1193 3659 Onde

92 3687 113 3744 li
134 3684 237 3746 Greci
274 3691 306 3743 et
328 3681 430 3742 Latini
452 3681 531 3743 della
562 3703 644 3742 nova
667 3681 807 3756 Foclria,
837 3682 892 3762 pila
911 3682 950 3742 da
970 3682 1116 3742 neeeaaila
1137 3681 1195 3740 elie

91 3769 132 3828 cla
156 3766 296 3829 volunta
317 3767 502 3836 consoceri,
524 3785 556 3825 se
576 3783 766 3846 compnseno
795 3784 851 3824 eon
872 3765 1035 3840 sarchan,
1057 3771 1194 3845 promet-

92 3851 219 3913 tendoli
253 3869 313 3909 eon
345 3845 566 3908 sacramentale
586 3847 766 3928 promission
793 3847 874 3908 darli
900 3847 971 3929 ogni
1006 3868 1091 3906 anno
1113 3846 1194 3934 aspri

93 3933 213 3996 minuti
237 3930 280 3991 de
310 3939 432 3990 amento
458 3927 708 4012 quindecimilia,
731 3931 789 3990 che
810 3931 957 4012 vogliono
976 3929 1067 3989 d’nro
1089 3931 1253 4005 naarai-,⁶3

93 4017 174 4079 rima
211 4015 444 4095 cinqueeen103
474 4025 504 4073 et
531 4033 619 4073 senza
649 4011 816 4074 offensione
836 4016 920 4073 l'una
938 4025 969 4072 et
991 4009 1086 4089 l'altra
1107 4023 1195 4093 parte

92 4101 268 4162 vivcaaeno
291 4099 322 4156 in
347 4115 442 4175 paee,
476 4107 507 4156 et
530 4097 586 4156 elac
609 4093 702 4178 quelli
724 4093 804 4157 dalle
825 4115 905 4156 nove
925 4097 952 4155 F
954 4093 1041 4154 celric
1065 4095 1193 4177 podeerc

93 4204 211 4244 verear
245 4179 297 4240 nel
323 4199 413 4260 paese
442 4179 481 4240 de
500 4179 638 4239 sarchan
668 4200 757 4240 eome
777 4177 883 4253 amici,
907 4189 938 4237 rt
958 4177 981 4238 li
1000 4177 1115 4241 'serchi
1134 4198 1195 4261 po·

94 4268 236 4328 daneon
260 4272 467 4324 securamentc
487 4265 601 4326 intrare
625 4272 655 4326 ct
677 4261 780 4324 accire
800 4262 832 4322 in
854 4261 882 4322 le
901 4258 1019 4323 l'echie
1037 4284 1125 4325 senza
1149 4261 1195 4324 al·

211 4379 321 4433 Durae.
975 4379 1011 4434 28
