3075 4825
258 344 475 411 aaronita
506 344 759 411 nummula
786 346 875 413 car.
897 350 1034 415 xxxvi.
1109 324 1191 411 255

122 517 166 572 τις
181 498 234 561 καί
253 496 374 581 α’ραγὸς
401 500 456 582 τῆς
476 496 613 581 πόλεως,
629 494 674 573 cic
692 520 764 563 ποτε
792 502 872 565 κατὰ
897 506 956 565 τοῦ
974 498 1121 588 Χοσρόον
1140 504 1196 569 κατ’

122 595 173 659 τού
192 595 342 679 Χογόνοο
367 594 425 661 καί
451 593 531 661 uari
559 590 730 682 Ἀράβιον,
757 594 840 665 aira
868 605 926 665 καί
943 604 1002 666 νύν
1033 600 1114 667 κατὰ
1136 605 1193 667 τού

121 692 277 773 megensi·
298 689 376 777 ,μὴν
394 692 456 778 γὰρ
472 698 623 761 Λατίνων
644 689 718 760 odra
737 694 890 781 βοήθειαν
910 692 983 765 οὔτε
1003 698 1062 785 τὴν
1081 702 1192 766 ἕνωσιν

118 788 287 877 χρῄζομεν·
307 796 435 859 oinium
452 796 511 881 ἀφ’
528 794 653 881 ἧμόνῆ
673 798 738 860 τεόν
750 798 911 878 α’ζυμιτοόν
924 801 1080 883 λατρεία.”
1103 796 1132 864 οῖ
1155 800 1192 863 dl

96 884 149 953 ie
168 894 206 977 τῇ
222 890 346 980 μεγάλη
366 896 511 979 ἐκκλησίην
530 895 754 977 ἀθροισθέντες
779 895 972 979 Χριστιανοὶ
991 898 1097 981 δέησιν
1113 894 1192 979 πρός

116 985 168 1052 τόν
183 989 262 1055 θεόν
288 994 397 1077 ἐκτενῆ
416 992 618 1077 ποιήσαντες,
650 990 706 1057 καί
723 991 796 1068 τούς
828 991 941 1076 λόγους
960 995 1017 1059 τοῦ
1035 996 1192 1079 καδδηνα-

115 1083 178 1151 λίοο
197 1090 433 1170 όναιτισθόντες,
459 1088 604 1175 ἔστερξαν
630 1089 687 1156 τόν
712 1094 769 1175 τῆς
789 1086 928 1168 ἓναόσεσς
949 1088 1037 1178 όρον,
1057 1096 1112 1159 καί
1130 1096 1191 1159 αύ-

115 1185 160 1251 roi
174 1185 258 1270 μετὰ
278 1193 466 1277 συμφωνίας
472 1241 483 1273 ,
513 1188 557 1267 ὥς
589 1182 637 1255 ότι
658 1189 878 1276 παρελθούσης
896 1192 954 1275 τῆς
976 1193 1219 1277 περιστύσεωςο

114 1288 170 1350 τῶν
191 1283 340 1373 Τούρκων
370 1290 427 1353 καί
451 1284 586 1375 γαλήνης
611 1293 777 1375 γενομένης
808 1294 992 1367 καθίσαντίς
1018 1312 1101 1367 τινες
1130 1293 1192 1358 τῶν

78 1383 279 1468 Ιοέλλογιμων
308 1384 403 1453 ἴδωσι
429 1386 504 1464 τούς
531 1384 646 1473 ὅρους,
676 1387 733 1454 καί
759 1390 791 1454 εί
818 1388 885 1455 ἔστι
903 1414 934 1455 τι
954 1386 989 1455 τό
1011 1386 1057 1473 μὴ
1079 1391 1192 1467 τελέας

114 1482 321 1568 όρθοτομούν,
349 1484 581 1571 διορθύσιισιν.
602 1489 638 1553 όν
654 1488 695 1575 τῇ
711 1484 881 1577 σνμφωνίρ
901 1480 958 1553 oda
981 1488 1066 1577 αύτῇ
1084 1488 1193 1573 ἔστερ·

113 1585 166 1659 ξαν
183 1585 242 1648 τού
260 1588 410 1668 γενέσθαι
424 1584 621 1673 λειτουργίαν
640 1584 746 1671 κοινην
765 1588 802 1652 ἐν
819 1588 861 1675 τῇ
890 1582 1009 1677 μεγάλη
1028 1589 1191 1677 ἐκκλησίᾳ,

112 1686 290 1749 τελεσθεῖσα
315 1690 393 1771 παρ’
419 1684 544 1752 Ἰταλοόν
572 1688 629 1751 καί
647 1688 811 1771 Γραικῶν,
843 1686 900 1751 καί
921 1684 1193 1772 μνημονεύσαντες

111 1777 162 1843 τόν
181 1784 290 1848 πύπαν
304 1782 464 1851 Νικόλαον
483 1786 519 1849 όν
532 1792 598 1862 τοϊς
618 1783 785 1867 διπτύχοις
804 1786 860 1851 καί
875 1781 930 1851 τόν
950 1782 1107 1873 ἐξόριστον
1130 1812 1191 1850 rm·

76 1877 264 1965 ιότριύρχην
293 1884 325 1946 Γ
322 1882 478 1967 ρηγύριον.
518 1880 561 1948 τὰ
586 1885 644 1968 τῆς
665 1883 756 1967 ἱεροῖς
775 1884 1000 1967 μοστσγιογίας
1023 1882 1192 1969 ύπληροόθη

109 1980 142 2042 ἐν
159 1982 240 2062 μηνί
256 1984 439 2069 Δεκεμβρίῳ
472 1982 511 2064 ιβ
544 1983 605 2047 τού
626 1978 719 2073 ,ςῖξύ
740 1980 841 2059 ἔτους.
884 1974 968 2065 ἦσαν
987 1984 1023 2047 dl
1044 1987 1100 2047 καί
1117 1988 1192 2047 πολ-

107 2076 161 2139 λοὶ
182 2074 217 2139 ol
235 2071 292 2142 ούκ
304 2076 417 2161 ἔλαβον
437 2078 626 2166 προσφορὰν
646 2076 824 2161 όντιδύροα
844 2074 889 2155 σός
904 2078 1079 2165 βδελυκτὴν
1100 2082 1193 2145 θοαί-

107 2198 146 2238 αν
170 2179 374 2242 τελεσθεῖσαν
393 2179 428 2241 ἕν
446 2180 486 2265 τῇ
511 2172 639 2263 ἓνοοτικῇ
657 2180 848 2265 λειτουργήρι.
891 2174 966 2242 ὅδὲ
987 2176 1193 2262 καδόηνύλιος

109 2269 284 2357 ἀνιχνεύων
308 2280 414 2343 πᾶσαν
439 2276 575 2362 καρδίαν
606 2277 662 2341 καί
684 2275 785 2340 πάντα
806 2273 921 2341 σκοπόν
940 2277 1005 2341 rein
1024 2278 1055 2340 Γ
1053 2278 1226 2361 ραικαῑν,Ι)

73 2374 165 2438 τοοόκ
193 2372 370 2441 ἐλάνθανον
396 2373 457 2461 γόρ
490 2372 531 2442 τό
560 2370 805 2460 μαγγανεύματα
834 2378 891 2441 καί
919 2372 954 2440 αἱ
982 2369 1106 2440 uincitur
1132 2376 1195 2439 τῶν

111 2477 140 2540 Γ
137 2479 257 2561 ραικιέν
288 2478 393 2564 αύτῷ·
445 2475 517 2541 ἀλλ’
544 2475 588 2552 ιός
620 2478 680 2542 τού
697 2475 798 2542 αύτού
829 2477 939 2558 γίνονς
959 2469 1005 2540 τόν
1026 2473 1086 2542 σύν
1106 2472 1194 2561 όλίγη

112 2568 193 2662 ὁρμῇ
210 2572 345 2639 ἔσπενδε
364 2578 524 2659 βοηθῆσαι
542 2577 583 2663 τῇ
604 2575 791 2656 πόλει,καί
811 2565 900 2658 ἤρκει
921 2571 999 2658 πρὸς
1020 2574 1191 2656 αἰτιολογίαν

111 2678 153 2762 τῷ
180 2669 272 2763 πόπη
303 2669 378 2740 ὅσον
407 2677 533 2760 γέγονε,
563 2671 599 2738 τό
628 2676 664 2740 δὲ
683 2676 778 2739 πλέον
812 2673 969 2740 cicutino
997 2673 1041 2758 τῷ
1061 2673 1128 2760 θεῷ
1150 2671 1194 2758 τῷ

112 2941 291 3008 inuocabant,
312 2951 346 2996 ut
370 2943 433 2996 urbi
450 2949 590 3014 praeesset
612 2951 641 2995 et
657 2943 842 2995 auxiliaretur.
860 2948 889 2994 et
906 2939 1044 3010 quomodo
1061 2937 1127 2990 olim
1145 2936 1194 2988 ad-

111 3029 198 3067 reraua
219 3017 368 3068 Choeroem
387 3015 541 3084 Chaganum
561 3023 590 3067 et
605 3013 707 3066 Arabcr
726 3021 900 3083 pugnaverat,
919 3013 958 3062 lta
977 3025 1050 3062 nnnc
1067 3007 1195 3061 adversus

111 3083 291 3139 ideirernetern
331 3089 498 3138 raetiaretur.
534 3085 691 3136 Latinorum
718 3085 806 3147 euiru,
832 3083 980 3152 inquiunt,
1010 3079 1112 3130 auxilio
1138 3095 1195 3132 non

113 3171 176 3223 ορατ
203 3167 247 3211 eat
271 3103 370 3208 nodie:
397 3158 492 3226 procul
519 3157 557 3208 alt
581 3173 597 3205 a
624 3155 705 3206 nobie
729 3155 903 3222 azymitarum
923 3151 997 3203 ritue.
1015 3149 1063 3218 qui
1081 3166 1146 3200 vero
1165 3151 1194 3201 in

113 3241 201 3295 magna
233 3229 350 3280 ecclesia
377 3235 559 3279 convenerunt
587 3224 749 3288 Christiani,
776 3226 845 3276 rotie
869 3241 900 3274 ac
928 3219 1053 3292 precibus
1078 3221 1194 3342 Krulixia

113 3295 162 3347 deu
178 3299 298 3360 oblatis,
332 3297 532 3366 cardinaliaque
560 3297 683 3348 oratione
711 3294 822 3358 audita,
849 3293 958 3346 decreto
980 3307 1077 3342 concor
1096 3293 1140 3342 iae
1166 3299 1195 3342 et

112 3369 221 3422 unitatis
240 3369 418 3420 eccleciarum
434 3375 591 3437 paruerunt.
610 3367 639 3417 in
657 3366 687 3418 id
707 3367 789 3417 etiam
807 3366 916 3435 utrique
934 3371 1144 3425 consenserunt,
1162 3369 1194 3413 ut

113 3449 228 3504 remoto,
248 3438 327 3510 quod
344 3457 360 3490 a
371 3441 468 3490 Turcia
486 3436 663 3508 impendebat
676 3437 812 3506 periculo,
832 3453 865 3486 ac
883 3435 1083 3504 tranquillitate
1101 3431 1194 3484 reddi-

112 3516 155 3571 ta,
172 3509 273 3562 delecti
293 3510 400 3580 aliquot
416 3511 468 3561 viri
486 3509 625 3560 decretum
645 3507 818 3569 examinent,
837 3514 868 3558 ut
888 3504 978 3574 aiquid
992 3505 1081 3556 rninue
1099 3501 1194 3553 ortho-

113 3576 207 3631 doxurn
227 3582 285 3644 ait,
303 3581 438 3648 corrigant
453 3596 484 3630 ac
502 3579 655 3632 emendent.
675 3577 727 3629 hac
743 3577 838 3648 itaque
856 3575 1029 3628 reconciliata
1041 3571 1195 3633 cuncordia,

114 3647 181 3700 luter
197 3652 260 3703 illua
280 3652 409 3702 convenit
424 3659 456 3703 ut
472 3649 507 3702 ab
523 3651 600 3703 italie
620 3659 648 3702 et
664 3649 775 3701 Graecia
793 3649 821 3699 iu
840 3663 935 3716 magna
955 3645 1068 3696 ecclesia
1085 3641 1194 3709 liturgia

115 3724 258 3774 communia
284 3721 480 3784 celebraretur,
509 3730 538 3772 et
568 3720 786 3783 commemoratio
815 3717 921 3769 Nicolai
946 3732 1032 3786 papae
1064 3715 1093 3764 in
1113 3711 1196 3762 sacris

116 3787 261 3858 diptychis,
294 3800 377 3861 atque
400 3793 482 3844 etiarn
509 3791 632 3860 Gregorii
659 3790 829 3860 patriarchae
857 3796 923 3839 tunc
950 3785 1085 3837 exulantis
1109 3781 1195 3832 fleret.

116 3859 267 3914 Decembris
297 3863 342 3914 die
361 3863 428 3925 xn,
457 3877 528 3912 anno
545 3861 639 3912 muudi
656 3865 723 3930 6961
744 3859 858 3929 (eluisti
884 3856 960 3926 1452)
978 3870 1052 3906 eacra
1070 3851 1118 3902 illa
1136 3851 1196 3918 My-

116 3934 228 4000 stagogiu
254 3932 394 3984 celebrata
423 3933 483 3984 fuit.
501 3931 581 3982 multi
604 3947 668 3982 vero
688 3930 803 3982 arauris
837 3929 916 3980 donia
936 3925 1036 3976 oblatio
1054 3921 1195 3974 abelinue-

117 4013 191 4067 runt,
220 4003 297 4075 quod
316 4005 364 4055 illa
387 4003 498 4072 liturgia
516 4001 678 4053 concordiae
696 3997 912 4051 reconciliandae
929 3994 1083 4055 celebrata,
1105 3992 1195 4061 impu·

116 4087 170 4123 rum
193 4091 226 4126 ac
251 4071 465 4126 abominandum
488 4071 647 4123 sacrificium
666 4078 805 4140 peractum
835 4067 1028 4120 existimarent.
1048 4062 1193 4116 cardinalia

117 4139 215 4196 interea
241 4146 348 4197 animoa
366 4145 531 4196 Graecorum
547 4142 716 4211 conciliaque
743 4137 922 4209 explorabat3
941 4151 1055 4205 quorum
1071 4134 1144 4186 lraua
1162 4151 1194 4186 ac

118 4207 191 4268 dolua
207 4232 272 4269 eum
288 4231 343 4271 uon
362 4213 510 4283 fugiebant.
527 4229 589 4284 curn
610 4229 674 4265 vero
693 4206 726 4262 e‘x
745 4208 841 4262 endem
859 4213 938 4276 geute
955 4213 1040 4271 earet,
1062 4207 1193 4260 auxilium
