3075 4825
450 1079 868 1174 ISMAELIS
924 1077 1383 1174 BULLIALDI

585 1276 665 1353 AD
697 1277 902 1370 DUCAE
935 1278 1278 1356 HISTORIAM

792 1443 1067 1516 NOTAE.

844 1625 1028 1641 -u-—u--t-

286 1857 313 1910 P.
325 1861 377 1912 206
396 1875 401 1886 ·
467 1841 508 1907 Ρ.
525 1863 571 1904 ιο.
588 1863 612 1902 ι.
634 1841 685 1902 ed.
696 1841 797 1904 Bona.
822 1843 897 1924 Cap.
911 1865 939 1903 1.
956 1841 1047 1904 Initio
1058 1841 1149 1903 huius
1161 1842 1266 1924 operis
1276 1837 1418 1924 propositum
1455 1885 1456 1918 3

277 1927 310 1981 V.
327 1931 375 1985 165
383 1926 524 1988 auctoris
538 1927 596 1986 fuit
604 1946 760 1986 annorum
769 1949 788 1986 a
800 1925 906 1987 mundi
918 1937 991 1988 ortu
1006 1937 1037 1988 et
1048 1925 1418 2002 creationeexactorunsyu·
1455 1923 1456 1992 i

379 2009 484 2092 opsim
515 2007 556 2069 ob
578 2007 687 2070 oculos
709 2029 827 2089 ponere
854 2010 938 2070 iuxta
960 2008 1102 2071 ecclesiae
1121 2006 1288 2089 Orientalis
1302 2002 1418 2078 caleulur,
1455 1993 1456 2060 l

379 2115 461 2176 quae
473 2091 512 2152 ab
527 2091 619 2153 initio
635 2089 743 2151 mundi
757 2091 798 2152 ad
811 2113 924 2152 annum
939 2111 950 2152 r
969 2113 1058 2153 aerae
1066 2091 1255 2152 Christianae
1265 2088 1375 2171 vulgaris
1383 2107 1418 2144 au.

379 2197 437 2237 nos
454 2176 593 2259 integros
606 2173 685 2236 5508
698 2195 715 2234 a
731 2173 904 2256 Septembri
918 2175 1114 2236 antecedente
1125 2173 1199 2234 Kal.
1213 2176 1275 2238 lan.
1288 2171 1347 2232 enni
1358 2165 1418 2250 pn'ui

379 2269 535 2320 numerat.
568 2255 670 2318 nullus
704 2277 780 2319 vero
804 2279 913 2318 eorum
936 2259 990 2340 qui
1013 2258 1044 2318 in
1066 2255 1276 2340 chronologia
1296 2269 1416 2338 parumper

378 2343 493 2404 versati
520 2352 611 2418 sunt,
639 2340 737 2402 nescit
765 2339 901 2402 Graecos
931 2362 1046 2401 annum
1071 2361 1161 2400 suurn
1192 2340 1231 2400 ah
1253 2338 1302 2400 illo
1324 2333 1415 2398 sermm

377 2424 451 2488 Kal.
473 2423 629 2505 Septemb.
664 2424 782 2501 ordiri3
815 2427 913 2485 itaut
940 2425 1079 2487 Christus
1101 2445 1184 2487 anno
1206 2423 1298 2506 5509,
1316 2422 1366 2483 sive
1381 2438 1415 2476 au-

376 2518 486 2568 tumno
510 2506 576 2567 sive
605 2509 731 2566 ineunte
763 2506 864 2569 hicme
892 2502 1037 2579 θεοτόκος
1068 2528 1140 2567 eum
1159 2508 1291 2590 genuisse
1310 2504 1415 2571 dicatur,

377 2600 467 2651 uatus
487 2591 538 2651 sit.
560 2599 676 2649 norunt
696 2589 789 2649 etiam
813 2611 919 2651 omnes
942 2590 1155 2673 Septuaginta,
1178 2593 1222 2652 ita
1242 2586 1415 2671 appellatore

376 2672 509 2735 creditos
531 2671 642 2731 veteris
663 2673 835 2733 testamenti
859 2676 1054 2755 interpretes,
1076 2671 1184 2755 plures
1203 2692 1293 2733 annos
1310 2692 1325 2731 a
1342 2662 1414 2728 muudi

376 2755 502 2834 exordio
516 2754 555 2815 ad
569 2753 782 2828 Abrahamum
801 2757 832 2817 in
852 2757 995 2817 versione
1015 2778 1070 2817 sua
1082 2756 1298 2838 computavisse
1311 2771 1382 2837 quau
1395 2747 1414 2805 lt
1455 2830 1456 2833 Ἴ

375 2850 460 2899 textu
479 2838 630 2901 Hebraico
651 2838 857 2919 reperiantur.
879 2860 942 2921 qua
962 2842 1084 2901 ratione
1106 2840 1138 2901 id
1159 2838 1314 2920 contigerit
1331 2828 1415 2911 assequi

374 2920 519 2984 arduum.
555 2932 654 2983 textus
682 2920 823 3003 equidem
848 2922 1013 2984 Hebraicus
1037 2922 1076 2982 ab
1105 2920 1231 2984 Adamo
1252 2920 1287 2982 ad
1305 2916 1414 2980 ditium

375 3026 474 3067 anuos
504 3017 623 3066 exactos
644 3002 841 3066 solummodo
873 3004 993 3066 exhibet
1018 3004 1117 3085 1655,
1140 3026 1212 3066 cum
1233 3003 1341 3067 iuterim
1356 2992 1414 3058 ult

373 3092 557 3168 interpretes
577 3097 740 3148 numerent
753 3086 847 3167 aeda.
871 3088 901 3147 in
924 3088 1012 3149 huius
1032 3090 1114 3148 enim
1131 3091 1239 3172 capitis
1257 3084 1355 3159 verbis,
1371 3068 1412 3137 {iel

373 3170 433 3233 τοῦ
450 3164 556 3247 'stride
575 3163 636 3241 ὲώς
656 3170 716 3229 rori
734 3170 959 3248 κατακλυσμοῦ
979 3164 1034 3250 ἔτη
1057 3166 1179 3258 βσμβ,
1203 3180 1298 3233 rectus
1314 3176 1367 3237 est,
1383 3168 1414 3221 tt·

374 3255 399 3314 si
421 3274 439 3315 e
460 3255 697 3335 generationum
717 3252 938 3334 explicatorum
960 3254 1095 3314 numeris
1116 3252 1297 3337 colligantur
1318 3248 1414 3327 uelut

373 3336 490 3397 diluvio
510 3335 551 3396 ad
570 3334 779 3396 Abrahamum
799 3345 898 3398 textus
920 3335 1087 3397 Hebraicus
1110 3348 1251 3399 numerat
1267 3352 1349 3396 anuos
1361 3343 1412 3409 apt:

374 3430 406 3479 at
426 3422 605 3500 interpretes
628 3419 718 3478 Lxx
747 3430 913 3480 numerant
932 3440 1028 3480 annos
1053 3419 1147 3503 1178,
1168 3419 1221 3481 hic
1241 3430 1333 3481 noster
1352 3428 1412 3471 rrrr·

372 3502 413 3564 de
432 3503 491 3563 hac
517 3498 717 3582 computandi
750 3500 937 3563 dissensione
958 3522 1020 3563 non
1040 3513 1085 3563 est
1105 3502 1227 3565 dicendi
1248 3496 1411 3564 nunciaret

371 3606 428 3645 nec
448 3584 645 3668 propositum
671 3594 716 3643 est
744 3584 833 3645 nobis
860 3584 1034 3667 disquirere
1063 3596 1094 3645 et
1117 3588 1249 3649 scrutari
1268 3604 1333 3645 num
1347 3585 1411 3639 tenu

263 3728 267 3737 ,
337 3686 341 3697 ’
372 3666 563 3743 Hebraicus,
593 3688 656 3749 quo
684 3664 729 3727 illi
760 3668 808 3727 usi
829 3677 917 3745 sunt,
947 3668 1048 3729 abeo
1068 3670 1123 3751 qui
1143 3669 1284 3731 omnibus
1322 3660 1410 3751 robelli

260 3810 263 3818 ,
370 3751 585 3812 circumfertur
614 3748 791 3825 variaverit,
822 3772 897 3811 num
928 3750 1020 3811 etiarn
1039 3750 1141 3833 aliqua
1165 3754 1281 3814 ratione
1297 3688 1364 3809 ducti
1382 3734 1410 3797 ll!

370 3834 448 3905 viri,
477 3834 544 3917 qui'
559 3829 727 3914 gentilium,
749 3832 976 3917 Aegyptiorum
999 3834 1165 3917 praecipue
1189 3856 1225 3897 ac
1243 3838 1407 3912 umerorum
1455 3860 1456 3917 p

369 3914 465 3975 oculis
496 3939 533 3977 ac
561 3916 675 3977 iudicio
701 3936 822 3976 sacram
850 3916 1008 3977 historiam
1038 3916 1256 3995 subiiciebant,
1279 3929 1356 3976 anuos
1370 3901 1408 3962 tlt·

230 4000 236 4011 ‘
272 4005 298 4056 P.
311 4020 362 4072 ²07
372 4007 446 4074 quot
472 3998 512 4058 ab
547 3997 625 4059 orbe
654 3998 780 4059 condito
803 3999 1065 4061 addiluviurnet
1087 3999 1220 4063 indeed
1243 3994 1408 4074 thadamur
1455 4012 1456 4067 t

372 4076 602 4155 intercalariat,
631 4080 823 4163 importunas
856 4085 992 4164 gentium
1024 4082 1066 4145 ob
1088 4084 1292 4149 idololatriam
1309 4076 1406 4141 caecutt·
1455 4102 1456 4145 t

369 4160 488 4222 entium
511 4162 698 4242 obiectionee
719 4164 911 4233 declinaturi.
