3075 4825
327 308 410 413 odo
591 333 730 403 unctu
756 332 973 401 urcusnus
997 332 1166 403 carons

220 519 224 532 ’
323 506 452 590 νόμενον
484 504 543 591 τὴν
560 507 675 590 κλῆσιν
699 506 759 569 τοῦ
779 499 918 588 κάστρον
949 504 1120 587 Πασχεσέν
1141 502 1285 569 ἐκέλευσε
1305 506 1415 568 καλοί·

323 610 422 685 σθαι,
453 601 722 690 έξελληνιζάμενον
750 605 786 668 δὲ
813 598 1021 687 ἑρμηνεύεται
1048 596 1301 689 κεφαλοκδπτης,
1334 598 1414 686 ἔχον

323 698 455 789 ἅντικρυ
485 700 540 769 καί
565 701 600 770 ιδ
623 702 778 789 φρυάριον
800 698 819 765 ὃ
840 703 988 782 §derisore
1011 698 1027 765 δ
1046 699 1173 777 πάππος
1193 701 1303 767 adreci.
1343 703 1411 767 διέ-

321 826 428 885 νειμεν
455 794 512 868 οδν
541 800 599 886 τὴν
621 801 790 883 οἰκοδομὴν
810 795 921 878 οὕτως.
962 802 1006 888 τῷ
1024 801 1083 879 μὲν
1107 796 1213 865 Χαλίλ
1235 799 1336 864 πασιά
1356 800 1412 864 δι’·

323 902 410 967 δωκε
424 904 501 983 μίιιν
523 905 586 967 τῶν
605 902 729 985 γωνιιδν
745 904 808 966 τάν
830 902 864 966 έν
888 903 927 988 τῇ
945 899 1094 987 θαλάσσῃ
1113 902 1264 982 κειμένων
1283 900 1344 963 τοῦ
1363 899 1438 965 oet

322 1004 498 1086 κοδομῆσαι
518 1001 636 1085 πύργον
656 1003 712 1065 ἕνα
727 997 928 1084 ὑπερμεγέθη
949 998 1005 1064 καὶ
1016 996 1147 1083 στερρὰν
1166 996 1211 1076 οδς
1228 999 1410 1083 ἀκρόπολιν,

225 1108 253 1167 P.
266 1102 366 1187 ιεοτῴ
402 1102 439 1164 δὲ
474 1094 620 1183 Ζάγανος
647 1100 753 1182 ἕτερον
782 1100 816 1164 ἐν
844 1099 883 1185 τῇ
910 1094 1003 1187 ἑτέρᾳ
1037 1099 1134 1187 γιονάγ
1162 1098 1202 1185 τῇ
1229 1099 1355 1185 κειμένῃ
1375 1096 1412 1161 ἒν

320 1204 360 1287 τῇ
381 1201 477 1287 ξηρᾷ,
497 1201 598 1281 μέγαν
614 1195 669 1261 καί
684 1195 795 1278 αυίὁν,
824 1200 869 1285 τῷ
886 1197 922 1262 δὲ
943 1198 1094 1286 Σαριτζίρ
1108 1190 1202 1263 ἄλλον
1214 1200 1249 1263 έν
1265 1200 1305 1283 τῇ
1317 1196 1410 1283 τρίτῃ

319 1297 418 1387 γωνίᾳ
425 1348 435 1381 ,
460 1295 535 1371 τούς
555 1293 674 1371 αδτοδς
707 1303 790 1381 τρεῖς
820 1292 961 1381 πάργους
987 1294 1031 1371 οὖς
1050 1294 1208 1379 άντίμαχα
1228 1294 1285 1359 καί
1312 1294 1409 1379 dspo-

318 1395 426 1472 πόλεις
449 1397 485 1460 ἐκ
504 1397 566 1461 τάν
588 1396 711 1460 οἰκείων
740 1392 976 1477 ἀναλωμάτων·
1026 1392 1061 1459 τὸ
1085 1396 1120 1459 δὲ
1139 1404 1244 1478 τεῖχος
1274 1397 1330 1459 καί
1348 1391 1454 1478 τίμια

318 1493 429 1581 ἒτέραν
455 1489 553 1579 άλλην
582 1494 642 1559 τοῦ
676 1494 816 1579 κάπρου
839 1492 1007 1578 οἰκοδομὴν
1030 1492 1128 1569 αὐτὸς
1150 1490 1167 1556 ὃ
1188 1491 1313 1578 ἧγεμάν
1334 1492 1409 1558 otve-

318 1594 444 1678 λάβειο.
487 1596 544 1659 καί
569 1585 611 1679 ἦν
634 1594 713 1658 ἰδεῖν
738 1592 912 1678 συρρέοντα
930 1589 970 1657 τά
991 1588 1098 1677 πλήθη
1126 1594 1161 1659 ἐκ
1178 1597 1242 1658 τῶν
1264 1592 1410 1659 ἅπαντα·
1526 1656 1527 1669 ,

317 1694 383 1776 χοῦ
401 1694 457 1777 τῆς
491 1696 548 1775 γῆς
576 1694 685 1776 μεροῖν
706 1688 766 1755 σάν
794 1697 860 1765 τοῖς
888 1692 1016 1755 καδδίσι
1043 1684 1141 1776 ἤγουν
1168 1698 1235 1769 τοῖς
1262 1699 1405 1776 κριταῖς,
1526 1696 1527 1711 ’

319 1788 427 1857 ἐπάνω
447 1794 619 1877 κεφαλικῆς
639 1791 796 1875 τιμωρίας
823 1791 880 1854 τοῦ
901 1785 1058 1875 τυράννου
1081 1788 1321 1881 προστάξαντος.
1351 1789 1411 1857 καί

319 1889 507 1974 διαμερίσας
540 1888 600 1974 τήν
631 1894 733 1954 κτίσιν
761 1885 822 1953 α’νά
856 1883 972 1972 πήχεος
1006 1890 1053 1977 τῷ
1073 1890 1197 1977 τεχνίτῃ
1219 1886 1249 1953 oi
1266 1890 1452 1973 τεχνίταιιὸ
1526 1910 1527 1965 3

319 1986 365 2065 οδς
384 1992 491 2071 χίλιοι,
514 1988 569 2053 καί
590 1990 625 2053 ἐν
643 1984 763 2076 ἑκάστῳ
787 1989 910 2075 τεχνίτῃ
931 1986 1089 2073 δπουργοί
1103 1986 1162 2052 δάο
1186 1986 1278 2073 έγγδς
1295 1988 1407 2071 edroi,
1526 2002 1527 2013 ¹

290 2082 439 2166 Βδξοοθεν
468 2091 526 2153 τοῦ
553 2090 703 2169 τείχους,
721 2089 778 2151 καί
795 2082 917 2151 ἔσωθεν
950 2087 1049 2172 impos
1068 2087 1209 2151 τοσοῦτοι
1229 2084 1285 2151 καί
1304 2095 1409 2171 τεχνῖ-

318 2212 374 2254 ται
396 2189 451 2252 καί
468 2185 634 2274 ὑπουργοί.
677 2184 708 2252 oi
727 2188 763 2251 δέ
781 2184 954 2269 κομίζοντες
974 2186 1104 2271 πέτρας,
1126 2178 1296 2269 ἄσβεστον,
1316 2187 1410 2252 πλίν-

318 2291 401 2363 θους
429 2281 543 2365 ὄπτοάς
574 2287 655 2372 άπὲρ
685 2284 834 2370 άριθμόν.
885 2288 941 2351 καί
962 2280 1056 2351 αὐτοί
1071 2284 1101 2358 οἱ
1119 2286 1303 2369 μεγιστᾶνες
1323 2284 1406 2351 κατά

320 2382 431 2471 καιρὸν
448 2384 639 2471 άποάργυυν,
661 2386 718 2451 καί
736 2386 854 2469 πέτρας
874 2387 931 2451 καί
949 2372 1103 2468 ἄσβεστον
1123 2387 1248 2452 ἐδίδουν
1269 2384 1452 2470 δριδνιεςαο

319 2481 379 2569 τὴν
392 2488 452 2550 τοῦ
473 2485 631 2572 τυράννου
653 2480 807 2568 άμάτητα.
849 2481 908 2569 τήν
928 2485 965 2549 δὲ
981 2482 1202 2571 παρακομιδὴν
1222 2487 1279 2550 καί
1297 2488 1334 2550 ἐκ
1351 2488 1408 2569 τῆς

321 2585 455 2665 περαίας
484 2586 539 2647 καί
559 2581 640 2668 πρδς
671 2581 706 2648 τὸ
723 2583 902 2662 Βυζάντιον
920 2577 1047 2650 δι’πασαν
1064 2582 1152 2670 παρά
1176 2587 1240 2650 τάν
1256 2585 1409 2663 ἐρειπίων

322 2681 384 2746 τῶν
403 2684 553 2763 κειμένων
574 2682 637 2746 τάν
657 2703 731 2746 ποτε
750 2676 896 2764 μεγάλων
920 2677 1133 2769 άναθημάτων
1150 2679 1348 2765 ἐλάμβανον·
1372 2684 1407 2760 ἐξ

324 2771 370 2846 ὧν
399 2785 458 2848 καί
470 2804 558 2858 τινας
584 2780 689 2859 κίονας
718 2782 982 2864 μετακομίσαντες
1012 2777 1075 2848 eino*
1102 2783 1164 2848 τάν
1181 2781 1328 2868 ε’ρειπίων
1347 2804 1407 2846 του

325 3027 426 3062 nomen
434 3011 531 3081 eapitis
546 3016 743 3080 amputatorem
758 3010 899 3080 significat
920 3007 1083 3062 aedificandi
1093 3008 1173 3060 castri
1187 3008 1281 3060 munia
1293 3009 1351 3060 suis
1367 3009 1408 3062 ira

327 3081 476 3134 distribuit.
495 3079 580 3132 Halili
596 3081 693 3133 Bassse
707 3082 822 3134 alterum
834 3081 914 3133 castri
926 3080 1054 3148 angulum
1072 3080 1139 3130 mari
1153 3079 1322 3130 adiacentem
1334 3095 1409 3130 com-

327 3151 417 3214 misit,
439 3161 471 3203 ut
492 3159 595 3202 turrem
618 3151 812 3221 praegrandem
841 3151 896 3202 arci
917 3152 1009 3202 firmae
1027 3167 1058 3201 nc
1075 3149 1180 3201 validae
1198 3166 1291 3218 parem
1308 3151 1340 3202 iu
1357 3150 1408 3201 ilio

327 3223 426 3290 ungulo
456 3219 619 3273 aedificaret
661 3225 791 3292 Zagansun
813 3222 912 3290 angulo
937 3222 1123 3272 continentem
1140 3221 1273 3289 spectanti
1290 3235 1408 3290 praepo-

328 3291 400 3353 suit,
426 3291 462 3342 nd
484 3292 580 3344 turrim
603 3309 713 3362 quoque
743 3293 826 3345 altam
852 3293 893 3344 ibi
910 3291 1125 3343 construendam.
1162 3291 1280 3341 Sariciae
1298 3293 1407 3342 tertiam

328 3362 424 3414 turrim
441 3363 471 3413 in
490 3363 573 3413 tertio
592 3363 689 3430 angulo
709 3363 864 3432 erigendam
881 3362 1033 3426 mandevit3
1057 3361 1160 3431 illaque
1185 3361 1301 3412 torrium
1325 3362 1408 3423 trias,

329 3448 401 3502 quae
418 3429 533 3485 totidem
549 3436 751 3502 propugnacula
770 3444 798 3487 et
814 3450 887 3485 arces
906 3441 991 3495 erant,
1009 3449 1119 3484 suorum
1141 3433 1270 3500 impensis
1287 3429 1408 3484 obsolvi-

328 3511 380 3554 tur.
398 3511 535 3554 caeterum
551 3504 688 3555 moenium
705 3513 733 3557 et
744 3505 858 3556 aliarum
868 3505 948 3557 castri
957 3504 1075 3572 partium
1087 3517 1176 3554 curem
1188 3503 1216 3553 in
1234 3519 1263 3553 se
1281 3503 1407 3571 prinecps

328 3574 439 3642 recepit.
459 3588 568 3624 cernere
580 3582 638 3625 eret
649 3574 853 3627 multitudinem
866 3591 900 3626 ex
916 3571 1043 3625 omnibus
1053 3572 1177 3643 partibus
1193 3581 1407 3633 concurrentem,

327 3661 410 3714 qoam
430 3642 521 3695 Cadisi
538 3643 579 3714 (id
598 3652 641 3695 est
662 3644 778 3718 iudices)
796 3645 863 3698 iussi
878 3643 1067 3697 adducebant:
1085 3643 1182 3714 cepitis
1199 3643 1301 3712 quippe
1318 3659 1407 3712 poena

326 3715 471 3785 imperium
497 3713 712 3767 detrectantibus
743 3733 760 3766 a
779 3725 893 3783 tyranno
911 3714 1015 3767 indicta
1032 3721 1099 3766 erat.
1116 3715 1140 3766 is
1160 3714 1311 3782 unicuique
1330 3713 1407 3764 fabro

326 3785 446 3854 singulos
464 3784 588 3849 cubitos,
611 3786 661 3868 qui
677 3785 754 3838 mille
782 3795 876 3850 erant,
893 3783 1054 3854 assignarim
1071 3783 1205 3854 binasque
1219 3801 1316 3853 operar
1334 3793 1408 3834 extra

325 3857 406 3907 mitri
425 3855 570 3918 ambitum,
582 3864 611 3907 et
623 3863 694 3906 sntrn
706 3855 822 3908 totidem
830 3857 956 3910 materias
968 3855 1052 3908 fabris
1068 3856 1252 3908 ministrantes
1272 3854 1407 3906 attribuit.

326 3922 462 3978 ibnumeri
488 3924 619 3989 aderent,
641 3925 766 3996 lapides,
784 3927 884 3980 calcem
909 3928 1064 3997 lateresque
1082 3935 1172 3979 coctos
1189 3933 1338 3996 portantes.
1357 3924 1406 3994 ipsi

326 4010 452 4060 proceres
475 3993 581 4066 lapides
608 4003 638 4048 st
661 3997 779 4062 calcem,
809 3997 918 4065 tyranni
952 3997 1114 4049 crudelitate
1135 4004 1293 4066 perspecta,
1324 3995 1408 4048 fabi-is

328 4065 493 4136 quandoque
515 4065 715 4120 ministrabant
743 4085 836 4120 omnes
865 4083 946 4138 porro
965 4068 1031 4132 illue
1048 4069 1177 4120 materiae
1196 4081 1229 4117 ex
1249 4066 1407 4118 continente

328 4136 453 4202 opposita
481 4137 675 4204 afferebantur3
706 4145 736 4190 et
759 4155 794 4191 ex
812 4139 880 4192 locis
904 4139 1032 4206 Byzantio
1060 4137 1156 4190 ricinis
1174 4136 1293 4188 iacentia
1310 4135 1407 4186 rudera

327 4204 504 4273 superborum
530 4206 669 4278 quondam
697 4209 860 4280 templorum
887 4216 1007 4263 extructa
1033 4209 1063 4263 in
1086 4207 1115 4261 id
1139 4223 1207 4277 opus
1233 4206 1318 4259 suere.
1336 4207 1406 4258 inter
