3075 4825
387 291 471 380 562
650 401 659 424 ·
825 311 1039 379 numianus

385 483 433 538 est
452 471 603 536 adulterio
624 469 771 555 polimarn
793 467 851 532 sihi
865 485 990 528 uxorem
1004 463 1177 547 adiungere.
1219 459 1344 542 Quando
1361 463 1425 544 igitur

386 557 533 619 Baiasites
552 556 630 617 dixit
650 575 671 614 a
691 551 831 634 legitima
853 569 953 612 uxore
977 561 1140 646 separetur,
1162 556 1260 609 cetera
1280 545 1426 608 subaudim-

289 639 425 713 uotoda
445 647 527 717 sunt,
548 637 693 722 illamque
712 634 904 720 repudiatam
927 653 946 693 a
970 631 1070 696 tribus
1089 631 1241 714 splenibus
1261 630 1338 713 apud
1354 649 1381 690 se
1395 651 1426 690 ae·

385 723 503 806 cipiat‚
526 744 589 805 qino
609 720 743 782 dedecus
765 719 826 802 ipsi
844 715 982 780 adultera
1006 716 1098 778 dueta
1119 713 1254 794 accedat,
1275 713 1376 775 lovini

383 797 1428 967 utut''h'‘tttttttotttttt³¹¹tti'tt'tattat..

996 929 1006 960 Ι

383 909 551 1058 qrridyopns
574 984 641 1031 erat
658 983 689 1030 tc
707 968 853 1054 quosdam
884 967 932 1028 ad
951 987 998 1028 me
1016 968 1135 1028 nrittere
1151 978 1194 1025 tot
1213 985 1310 1046 nugas
1330 964 1390 1022 mihi
1400 983 1429 1021 re

386 1056 591 1128 nuncianum,
613 1065 702 1138 atque
726 1053 821 1112 etiam
844 1049 960 1111 addere
978 1063 1006 1111 te
1019 1069 1081 1133 pro
1105 1047 1221 1110 marito
1242 1047 1386 1108 memores
1399 1065 1430 1102 nr

385 1137 582 1215 murorum,
607 1139 642 1196 ni
670 1135 731 1196 tuis
751 1135 786 1196 in
808 1133 978 1216 regionibus
994 1146 1023 1194 te
1043 1133 1211 1215 quaminun
1229 1133 1324 1204 imm,
1343 1149 1373 1189 ce
1387 1130 1431 1188 sir

385 1241 477 1281 versa
497 1220 533 1280 ni
551 1232 583 1280 tu
603 1218 684 1280 belle
705 1237 753 1278 me
773 1218 893 1279 venires
911 1227 1139 1300 oppugnatum,
1161 1225 1194 1274 ot
1210 1235 1231 1274 a
1258 1226 1287 1274 te
1305 1210 1386 1271 libem
1399 1229 1431 1266 rr·

385 1316 430 1364 set
458 1301 570 1362 molier
594 1313 667 1374 ure,
690 1299 745 1362 hoe
775 1311 834 1380 est,
857 1299 995 1361 divortio
1023 1309 1184 1380 separato,
1214 1315 1328 1358 norom
1347 1315 1379 1353 ue
1398 1291 1433 1352 o'ti

387 1385 512 1446 nudem
545 1381 584 1444 ab
614 1385 678 1445 αἱὶο
703 1384 793 1468 pnite
820 1383 946 1468 pollute
977 1381 1090 1466 quibus
1113 1377 1217 1446 verbis
1241 1376 1322 1442 man'
1336 1387 1399 1437 estu
1412 1373 1432 1432 fit

388 1466 481 1530 huius
499 1466 560 1528 loci
580 1485 699 1529 sensus.

473 1548 512 1612 P.
527 1550 578 1621 58.
600 1571 649 1615 so.
682 1545 745 1610 sair
759 1543 1024 1632 Τουρκοπὲροων]
1046 1544 1258 1628 Tureopersae
1278 1543 1432 1626 aspicedum

387 1630 657 1716 Persaeappeilati
668 1639 741 1693 sunt
750 1630 862 1709 Terei,
872 1641 1031 1713 postquam
1041 1629 1073 1689 in
1084 1625 1433 1691 Persidemahtuehuueu

388 1715 544 1776 lmhrailis
575 1715 639 1778 uuo
672 1715 798 1794 vocati,
822 1715 853 1774 in
880 1733 1013 1798 eumque
1033 1711 1175 1796 deinceps
1195 1710 1370 1774 rebellantes
1385 1709 1434 1767 dun

386 1795 604 1880 Tegrohpice,
639 1796 770 1880 regionis
803 1795 885 1858 illius
916 1797 1082 1858 dominium
1102 1795 1205 1878 adepti
1224 1803 1301 1857 sunt
1321 1793 1434 1854 uretur

387 1900 464 1942 num
483 1880 596 1943 Christi
618 1880 704 1958 roda.
724 1879 844 1942 undca
867 1881 961 1963 Zengi
983 1879 1032 1943 vei
1049 1877 1299 1963 Tzingi-Chane
1318 1871 1384 1960 puisi
1397 1873 1434 1932 uir·

387 1984 424 2025 ca
444 1985 559 2025 aunum
582 1963 698 2025 Christi
724 1982 801 2025 ssoo
823 1965 853 2024 in
869 1961 1045 2025 Anatolium
1065 1973 1225 2024 venerunt.
1271 1960 1358 2024 Turei
1375 1956 1434 2019 ehu

387 2044 560 2109 iconienses
580 2046 640 2108 hac
660 2046 868 2154 appellatione
889 2065 957 2108 com
979 2045 1204 2108 rehenduntur.

469 2131 509 2196 P.
532 2127 584 2206 58,
607 2130 657 2191 23.
705 2124 892 2213 Aaouyyoir]
940 2069 1015 2192 oiim
1034 2129 1168 2190 Dascuta
1189 2147 1242 2190 seu
1264 2127 1434 2196 Dusarem!

385 2208 480 2273 habet
500 2213 699 2274 itinerarium
720 2213 894 2288 Antonini,
917 2214 973 2275 sita
994 2211 1033 2274 ad
1045 2213 1212 2296 Euphratis
1232 2231 1331 2288 oram,
1352 2211 1378 2270 in
1393 2205 1435 2266 ht

387 2295 448 2356 hus
466 2295 679 2378 Cappadociae
699 2305 730 2356 ct
750 2296 917 2357 Armeniae
937 2297 1071 2359 maioris.
1095 2294 1178 2357 illam
1198 2292 1390 2357 Leunclavius
1402 2287 1434 2349 hh
1479 2288 1480 2295 '

386 2377 411 2441 6
435 2385 468 2439 ct
490 2397 508 2457 7
532 2379 758 2441 Ertzintuanem
780 2379 926 2463 appellat.

471 2462 512 2525 P.
534 2464 585 2546 59,
609 2485 640 2547 7.
682 2458 820 2542 δμέγας
840 2458 1017 2547 προφήτης]
1064 2461 1209 2525 Baiazites
1231 2458 1373 2545 inteiligit
1387 2472 1436 2539 pro

387 2540 514 2627 phetam
531 2564 622 2605 suum
644 2544 901 2613 Mohammodem.

474 2626 513 2687 P.
524 2626 578 2709 59,
591 2648 644 2688 22.
666 2622 873 2711 Σεβάστειαν]
893 2628 1028 2691 Sebastia
1049 2626 1124 2689 urbs
1142 2628 1363 2711 Cappadociae,
1378 2636 1439 2705 quw
1481 2630 1482 2709 J

325 2725 331 2738 ·
386 2706 483 2770 Turci
497 2708 585 2771 Siras
604 2720 635 2771 et
653 2714 773 2774 Sivuste
803 2710 965 2793 appellant.
988 2712 1135 2773 cuniculis
1156 2712 1260 2774 ductis
1281 2732 1346 2773 eam
1362 2706 1439 2787 cepifl

388 2792 554 2874 Tamyrern
574 2794 672 2855 refert
692 2793 895 2856 Leunciavius
909 2794 1005 2878 lib.7.
1028 2793 1180 2857 Laouicus
1202 2791 1440 2857 verounum

389 2874 609 2959 ditTemyrem
623 2876 748 2939 suffossa
763 2876 907 2939 trabibus
920 2884 1099 2940 sustentasse
1112 2880 1247 2960 moenia,
1271 2876 1383 2961 illisque
1397 2873 1441 2953 itu

389 2959 505 3020 iniecto
533 2961 721 3043 consumptis
744 2958 802 3021 ista
820 2964 981 3029 corruisse.

476 3039 516 3105 P.
537 3040 588 3118 oo,
611 3046 641 3108 5.
682 3042 815 3103 nis'sdou
839 3039 939 3125 ὠμῆς]
983 3042 1085 3105 Hodie
1106 3042 1278 3104 etiamnum
1303 3044 1335 3103 in
1354 3042 1440 3123 hoste

391 3121 432 3181 iia
452 3124 519 3183 istis
540 3122 689 3188 lateribus
715 3126 818 3187 erudis
846 3125 886 3186 sd
906 3126 1012 3187 domos
1032 3124 1233 3188 aedificandas
1252 3133 1441 3199 utuntumqu

391 3224 430 3265 ex
460 3215 546 3266 terra
572 3228 653 3291 aqua
678 3208 802 3271 modice
834 3208 961 3270 siibacta
988 3208 1163 3271 formantur
1190 3210 1223 3271 in
1257 3208 1357 3295 lignea
1378 3205 1442 3265 ium

393 3285 565 3369 quadrata,
586 3290 676 3352 etad
699 3292 793 3353 sotem
811 3292 973 3353 siccantur.

474 3370 513 3431 P.
527 3370 580 3445 61,
594 3392 623 3437 2.
641 3372 698 3434 καί
706 3374 766 3445 ἓως
779 3371 877 3455 αὐτῆς
885 3367 1057 3451 Aenianes
1092 3376 1301 3438 leunclavius
1319 3364 1443 3455 iib.7h'th

392 3451 540 3514 Musulm.
568 3462 602 3515 et
631 3458 664 3515 in
694 3454 810 3517 huual.
841 3456 980 3519 Tureicis
1008 3458 1057 3519 Ha
1069 3479 1161 3542 epum
1186 3460 1329 3603 primum
1347 3462 1442 3534 espuu,

391 3534 504 3597 deiude
518 3536 703 3598 Damascum
718 3540 827 3601 tradit.
852 3538 911 3601 hoe
934 3542 1066 3625 contigit
1084 3564 1168 3605 anno
1211 3542 1303 3603 bristi
1329 3536 1407 3617 uduo,
1422 3534 1444 3585 ¹¹

390 3620 485 3679 etiam
508 3619 696 3701 Augustinus
707 3622 894 3684 lastinianus
917 3623 1052 3707 episcop.
1072 3624 1218 3693 Nebiens.
1240 3626 1273 3686 in
1296 3614 1446 3685 hunalde

391 3701 560 3765 oeensibus
579 3700 753 3765 adnotavit.
774 3705 851 3767 diris
865 3706 964 3769 modis
988 3729 1023 3769 ac
1040 3706 1218 3770 inhumanis
1230 3709 1401 3769 Damascum
1413 3688 1445 3751 ⁸¹·

391 3780 470 3844 dixit
483 3794 517 3846 et
530 3787 660 3848 vastavit
676 3786 794 3870 Temyr
804 3833 813 3865 ‚
837 3792 923 3849 cuius
946 3787 1048 3853 illatae
1072 3790 1167 3853 cladis
1186 3812 1280 3854 cansa
1303 3781 1446 3851 a'l'uuu'cae

392 3864 538 3929 historiae
555 3869 759 3951 scriptoribus
769 3871 838 3932 talis
854 3872 1002 3934 traditur.
1018 3874 1130 3936 Iezides
1144 3876 1302 3957 princeps,
1314 3861 1446 3932 haeretic¹¹¹

393 3967 413 4005 a
432 3950 631 4013 Musulmauis
653 3952 788 4031 habitus,
813 3956 964 4016 Rusonem
985 3964 1016 4019 et
1040 3956 1207 4019 Ruscincm
1253 3942 1446 4038 rophsuedu

392 4024 524 4123 infametis
551 4056 572 4129 e
605 4035 667 4097 iilia
693 4049 820 4118 nepotes
847 4038 977 4116 oceidit,
1007 4040 1131 4123 eiusque
1154 3980 1301 4103 famiiiam
1321 4040 1447 4096 contunt-

394 4106 444 4168 hrs
474 4116 618 4193 gravibus
648 4118 774 4197 affecit3
795 4121 919 4181 tandem
939 4133 1082 4184 mortuus
1107 4125 1247 4185 Damasei
1270 4118 1396 4203 sepulum
1412 4112 1448 4168 θεῖ·

392 4186 478 4253 fliius
495 4198 599 4279 iisque
623 4200 819 4285 sepulchrum
839 4206 976 4289 perquiri
997 4206 1137 4291 Tempu,
1159 4216 1191 4271 et
1211 4225 1247 4267 eo
1269 4208 1384 4287 reperto
1402 4204 1448 4252 ⁰¹¹²
